3025 4975
660 559 821 619 -362-

166 722 237 784 tos
255 709 463 788 definitione
477 707 611 788 inferre
630 708 715 782 lioot
733 708 1054 806 :nam‘posuimns
1067 720 1149 779 anta
1164 721 1300 781 motum

180 848 321 897 omnem
338 825 421 897 dare
439 838 556 898 actum
573 824 763 920 quemdam
779 839 816 899 et
835 827 990 917 sactum3
1010 845 1136 917 nempe
1150 845 1226 894 asso
1243 844 1303 893 ao-

181 954 256 1013 tnm
269 938 321 1010 roi
337 937 477 1010 mobilis
490 940 845 1038 qnatenus'taiisest,
860 951 913 1019 τὴν
928 946 1107 1035 ἐντελέχειαν
1123 952 1174 1012 τοῦ
1189 950 1305 1015 κινητοῦ

180 1060 200 1153 ᾗ
220 1049 347 1133 κινητόν.
370 1058 484 1124 Motus
502 1073 586 1144 orgo
611 1064 650 1123 ut
675 1052 876 1138 inchoatum
899 1064 1038 1147 oportet
1063 1074 1140 1125 esse
1161 1052 1307 1146 aliquod

182 1168 385 1262 subjtaoturn
403 1164 499 1258 quod
522 1164 634 1259 possit
650 1167 805 1256 morori3
832 1166 869 1239 id
892 1179 1009 1238 autom
1032 1166 1231 1259 subjectum
1247 1179 1309 1238 ant

182 1305 247 1379 per
261 1305 299 1371 ,sa
320 1303 415 1370 aoso,
445 1291 511 1370 ant
528 1279 724 1373 aliqnando
748 1294 969 1375 generatum.
996 1280 1034 1351 Si
1050 1303 1113 1374 por
1126 1304 1164 1353 so
1177 1294 1231 1354 ost
1244 1283 1311 1353 aii-

120 1390 121 1393 ’
177 1394 273 1493 qnid
293 1394 390 1491 quod
405 1392 537 1466 moneri
551 1393 684 1487 possit,
702 1380 840 1467 motum
856 1416 933 1466 esse
945 1408 1120 1488 aeternnm
1137 1395 1173 1466 in
1188 1403 1310 1491 aperto

185 1523 257 1597 ast,
282 1509 450 1605 quoniam
473 1520 616 1603 porroet
632 1534 703 1581 ease
717 1530 789 1580 non
807 1507 1011 1603 discrepant
1033 1508 1071 1579 in
1085 1511 1246 1604 aeternis3
1279 1512 1310 1583 si

149 1657 154 1664 ·
186 1623 408 1699 oontra'onm
421 1622 457 1694 id
467 1624 571 1718 anod
598 1636 735 1712 morat,
762 1636 839 1696 turn
858 1623 894 1697 id
912 1625 1010 1719 qnod
1028 1639 1188 1699 moratur
1203 1649 1313 1722 gene·

177 1754 262 1813 rata
288 1761 363 1810 oasa
381 1736 574 1832 aliqnando
597 1738 734 1832 placat,
766 1738 826 1809 iila
853 1738 928 1832 ipsa
948 1739 1128 1833 genoratio
1148 1764 1218 1812 non
1237 1741 1313 1814 sine

188 1854 305 1951 aliquo
325 1867 426 1925 motu
450 1849 622 1936 evaserit,
647 1876 688 1924 ax
717 1876 790 1947 quo
812 1850 963 1923 eflicitur
984 1863 1025 1923 ut
1051 1866 1133 1925 anto
1163 1856 1314 1949 primam

189 1970 282 2041 hano
301 1967 494 2039 motionem
510 1965 620 2039 inerit
636 1967 756 2062 aliqua
769 1965 880 2060 prior,
897 1978 932 2039 ot
949 1981 1066 2040 motus
1081 1968 1316 2045 nihilominus

191 2083 421 2155 aitaetornus.
493 2107 496 2114 ·

243 2291 414 2362 Praeterea
433 2285 507 2374 (1),
530 2297 574 2356 ιη
592 2292 732 2354 nonstot
748 2294 888 2371 motus,
909 2303 1053 2355 necesse
1068 2295 1122 2355 est
1138 2303 1214 2353 esse
1231 2279 1316 2352 hino

192 2398 326 2494 aiiquid
342 2399 437 2495 quod
452 2405 596 2493 potentio
605 2413 807 2483 moveatur,
829 2397 930 2469 illino
945 2399 1043 2497 quod
1057 2406 1233 2493 potentiam
1245 2419 1320 2468 rno-

194 2514 298 2589 rondi
311 2515 448 2589 habeat.
466 2513 503 2584 si
522 2536 603 2585 vero
622 2527 761 2607 ternpus
774 2512 841 2586 snit
852 2513 998 2608 aliquod
1012 2536 1084 2608 qno
1096 2514 1186 2585 nihii
1201 2527 1321 2608 posset

194 2649 336 2705 morare
352 2642 415 2702 ant
436 2629 587 2721 moveri,
607 2625 816 2723 adjunctum
836 2643 889 2700 est
905 2629 1012 2713 robus
1028 2629 1095 2701 hoo
1110 2655 1204 2723 posse
1220 2642 1320 2701 anto·

196 2770 303 2841 quam
319 2736 501 2819 manarant
514 2759 575 2819 aut
590 2758 832 2841 moverentur3
847 2766 888 2815 ex
902 2766 974 2838 quo
985 2743 1114 2814 iterum
1128 2758 1209 2817 ante
1224 2744 1321 2816 hunc

197 2875 334 2937 motum
352 2859 515 2954 primum
527 2857 635 2931 inisse
652 2844 787 2931 motum
805 2857 913 2949 aliurn
931 2859 1170 2932 concluditur.

248 3072 302 3151 nd
321 3073 388 3147 hoo
402 3074 455 3165 (2)
470 3094 542 3147 non
555 3083 672 3167 potest
692 3084 809 3145 nrotns
824 3071 970 3166 quidam
984 3072 1225 3167 dirimimus,
1246 3074 1323 3148 sine

168 3202 171 3206 ·
198 3187 319 3283 aliqua
338 3185 508 3282 temporis
527 3185 762 3281 cogitatione,
779 3186 948 3280 quoniam
966 3202 1123 3281 ternpore
1135 3187 1323 3262 deficiente

201 3302 291 3377 nihil
310 3316 363 3379 est
380 3303 497 3397 prins,
520 3301 610 3375 nihii
629 3283 819 3396 posterius.
842 3305 999 3394 Tempus
1014 3314 1130 3373 autern
1149 3315 1323 3376 aetornum

201 3438 375 3493 essenon
394 3417 486 3497 inter
503 3414 731 3511 philosophos
745 3436 869 3487 ornnes
885 3413 1088 3504 conveniat,
1109 3417 1271 3508 sequitur
1286 3434 1325 3491 ut

202 3545 320 3615 motus
332 3545 488 3606 aternus
502 3529 547 3604 sit
563 3543 599 3603 ot
613 3545 772 3624 tempora
787 3528 963 3601 infinitus.
980 3528 1051 3613 Nisi
1066 3532 1326 3604 tamendixeri-

203 3669 298 3739 mus,
313 3659 457 3731 auctora
474 3652 692 3738 Anaxagora,
707 3643 864 3736 quietem
879 3645 996 3737 primo
1013 3643 1122 3717 inissa
1140 3659 1324 3731 aeternam,

203 3773 238 3837 ot
253 3773 373 3856 postea
385 3775 505 3835 ortum
520 3754 596 3832 ossa
610 3772 745 3831 rnotnrn
764 3758 882 3829 niente
900 3759 1096 3831 intellectu.
1117 3760 1220 3841 Quod
1239 3783 1327 3854 quo·

242 4098 771 4174 (1)Lin.v111‚cap.1‚t.251,252.
829 4158 834 4165 ,

243 4189 283 4264 (ε)
302 4187 368 4246 noe.
380 4188 456 4247 nun
