3025 4975
689 441 845 497 -21...

207 586 265 657 nia
280 608 432 681 quorum
449 607 556 680 capax
586 598 658 674 est,
673 674 676 678 V
690 606 754 679 pro
771 599 929 678 tempore
956 597 1160 679 promoveat
1170 632 1184 674 ,ι
1206 607 1326 659 rarum

208 698 370 772 videlicet
398 714 432 773 et
459 700 629 789 densum,
655 724 759 796 grave
787 713 821 772 et
849 701 923 774 lave
949 711 1149 796 caeteraque
1184 703 1323 790 omnia,

208 816 329 911 augeri
365 827 399 887 et
428 816 594 887 imminui
626 839 797 911 corpora»,
837 809 1092 907 immutarique
1127 818 1326 905 adseverat,

153 937 157 941 ’
208 927 472 1024 nullaunquam
492 930 608 1018 addita
624 932 710 1004 huic
730 932 814 1003 moli
828 929 1211 1027 corporeaepartioula‚
1231 930 1330 1002 nulla

207 1046 375 1117 detracta.
421 1061 425 1065 ’

129 1308 131 1311 ⁴
235 1261 238 1264 ’
259 1268 431 1336 Praeterea
450 1275 586 1334 tautum
608 1262 730 1334 abesse
759 1275 798 1333 ut
817 1262 981 1333 submota
995 1260 1061 1333 ista
1079 1262 1147 1334 looi
1161 1261 1330 1336 inanitate

209 1389 326 1449 motus
346 1379 501 1465 dotioiat,
524 1389 565 1447 ut
595 1397 639 1446 ue
667 1388 785 1447 motus
811 1375 957 1470 quidem
978 1376 1072 1448 ullus
1091 1378 1202 1471 possit
1221 1400 1330 1450 vacuo

208 1491 246 1562 in
275 1493 386 1588 spatio
412 1492 501 1563 fiori.
536 1494 686 1562 Sursum
717 1491 812 1562 enim
828 1504 864 1564 ot
891 1492 1058 1563 deorsum
1084 1510 1209 1589 suopte
1240 1506 1329 1565 nutu

87 1650 93 1656 ·
208 1608 410 1703 etpondere
428 1607 512 1679 serri
525 1599 701 1701 *oorpora3
727 1606 818 1710 nihil
839 1606 948 1703 igitur
959 1608 1004 1679 ad
1017 1621 1153 1681 motum
1168 1609 1331 1681 conferre

208 1722 330 1810 inane,
347 1745 465 1818 neque
492 1743 568 1794 osse
587 1720 684 1792 illius
697 1720 928 1814 principium,
951 1721 1012 1792 sed
1031 1724 1171 1795 obstare
1189 1724 1327 1817 potius,

210 1861 322 1935 quum
338 1837 431 1910 idom
443 1837 578 1932 ubique
591 1837 653 1924 sit,
664 1849 699 1909 ot
715 1836 813 1908 nulla
829 1836 917 1909 ratio
931 1837 1046 1908 afferri
1061 1838 1172 1933 possit
1186 1862 1332 1920 ournon

209 1952 245 2022 in
262 1974 304 2023 eo
322 1950 461 2045 singula
477 1965 650 2023 aeternum
674 1952 818 2024 immota
840 1967 1017 2023 maneant.
1041 1956 1172 2048 Eadem
1196 1956 1332 2028 ratione

207 2064 345 2138 nullam
363 2089 438 2137 esso
460 2064 497 2136 in
512 2088 554 2138 oo
581 2065 761 2160 quietem,
782 2089 894 2164 quum
922 2066 1020 2137 nulla
1041 2065 1078 2137 in
1101 2082 1201 2162 parte
1220 2069 1332 2143 motui

210 2181 369 2257 obsistat.
1079 2189 1081 2191 ’
1281 2189 1282 2192 ’

260 2393 309 2460 Ex
326 2413 398 2486 quo
411 2388 563 2461 efficitur
579 2399 617 2459 ut
636 2386 725 2457 nihil
742 2387 891 2459 omnino
910 2387 955 2460 sit
970 2410 1035 2483 per
1053 2412 1090 2462 so
1103 2390 1231 2475 inane,
1249 2385 1332 2459 nul-

211 2501 353 2600 lamque
368 2504 436 2574 vim
455 2503 637 2599 propriam
664 2503 790 2590 habeat
810 2502 845 2574 id
864 2503 960 2598 quod
983 2526 1058 2575 esse
1073 2505 1251 2600 houpaotu
1278 2501 1334 2573 ui-

211 2619 326 2706 uitur,
357 2643 475 2714 noque
511 2618 718 2712 sejungatur
747 2640 766 2688 a
801 2617 961 2688 materia.
1000 2617 1198 2712 Signifioari
1235 2616 1332 2687 onim

210 2748 326 2832 potest
345 2736 412 2807 hoo
440 2734 546 2807 verbo
576 2730 630 2804 vis
656 2731 819 2827 quaedam
839 2730 1013 2818 materiae,
1033 2729 1154 2803 levitas
1174 2731 1334 2804 videlicet

212 2863 246 2923 et
262 2851 413 2947 gravitas
427 2877 436 2943 3
459 2846 628 2945 quoniam
640 2860 759 2919 autem
775 2846 812 2918 in
827 2847 970 2919 materia
990 2862 1107 2920 motus
1124 2847 1216 2918 inest
1232 2846 1335 2942 prin-

211 2948 346 3062 oipium
366 2978 540 3060 quatenus
560 2961 645 3033 lovis
663 2961 852 3058 gravisque
877 2962 936 3033 ilia
950 2977 1021 3048 est,
1042 2960 1095 3032 nil
1114 2962 1228 3035 obstat
1245 2961 1333 3056 quin

211 3104 252 3153 eo
266 3091 369 3175 pacto
385 3091 503 3151 motus
521 3098 626 3150 causa
644 3099 686 3150 ex
706 3076 803 3149 inani
822 3079 978 3172 pondero
995 3077 1170 3152 videatur.

732 3337 808 3406 vu.
849 3302 851 3305 ’

262 3578 365 3657 Haud
389 3573 500 3648 multo
525 3573 705 3651 satiusdo
730 3587 891 3667 tompore
920 3571 1126 3645 Aristoteles
1153 3599 1161 3642 ε
1194 3573 1334 3644 Nullam

213 3704 310 3777 onim
330 3698 460 3774 esseio
479 3722 522 3772 eo
541 3699 609 3770 vim
627 3698 808 3793 propriam
828 3697 984 3792 disputat
1000 3701 1070 3789 (t);
1101 3696 1337 3792 quemadmo-

1053 3798 1055 3805 r

213 3820 301 3893 dum
313 3817 411 3891 enim
427 3813 518 3887 nihit
530 3835 594 3909 per
606 3835 643 3885 se
660 3811 776 3885 valent
790 3813 942 3907 spatium
952 3827 1060 3907 atque
1076 3811 1180 3882 inane
1191 3810 1246 3896 ,iu
1260 3833 1337 3884 cor·

249 4103 289 4178 (t)
307 4101 369 4160 uu.
382 4100 440 4169 lv,
453 4116 516 4184 cap,
527 4101 558 4169 o,
572 4101 594 4167 t.
605 4100 670 4161 atr.
