3025 4975
769 426 928 485 42-.

286 601 369 675 ergo
388 578 504 653 omnis
525 599 640 652 causae
664 576 770 649 alicui
786 575 957 649 effectrici
973 574 1145 671 religatur-
1159 587 1194 647 et
1208 595 1250 646 ex
1262 595 1303 645 ea
1327 594 1445 669 pen·

288 692 367 784 det3
388 693 486 765 verbi
510 715 615 765 causa
628 692 658 764 si
677 689 843 787 quaedam
863 704 947 765 sunt
966 715 1047 786 quae
1063 690 1172 763 simul
1194 701 1373 761 moveant
1393 700 1443 760 et

291 822 511 899 moveantur,
524 828 664 879 causam
682 806 787 880 aliam
804 828 880 879 esse
892 830 957 879 cur
975 806 1099 902 eaipsa
1115 816 1328 882 moveantur
1355 825 1438 873 ne·

290 945 388 994 cesse
400 936 465 993 est.
484 922 658 1006 Quoniam
674 936 793 994 autern
807 923 925 994 omnia
935 921 1041 993 simul
1053 942 1191 993 morere
1206 931 1241 991 et
1257 915 1432 1006 moveri,

292 1035 491 1131 seriemque
512 1059 699 1108 cansarum
719 1059 796 1108 esse
816 1035 993 1108 infinitam
1012 1022 1141 1108 rationi
1159 1056 1231 1106 non
1258 1046 1313 1105 est
1329 1055 1435 1104 con·
1496 1077 1497 1134 1

290 1136 523 1240 samareum,
552 1174 593 1224 eo
607 1143 760 1224 efficitur
780 1166 819 1223 ut
837 1173 941 1224 causa
965 1139 1086 1246 aliqua
1115 1150 1162 1223 sit
1178 1171 1260 1247 quae
1280 1171 1350 1244 per
1385 1170 1433 1221 se

270 1289 273 1294 ’
295 1278 430 1339 moveat
448 1280 487 1339 ut
501 1267 686 1362 prima,et
700 1266 838 1362 singula
859 1266 1074 1341 moderetur.

303 1531 307 1540 ‚
343 1491 428 1562 Eam
461 1516 569 1587 porro
599 1495 653 1585 (l)
674 1492 888 1566 ellectricem
915 1515 1056 1565 causam
1081 1490 1241 1587 copulari
1266 1513 1351 1564 cum
1381 1512 1428 1563 eo

294 1609 393 1699 'quod
411 1622 591 1693 movetur,
608 1622 643 1680 et
660 1608 760 1680 nullo
773 1622 873 1703 pacto
890 1605 1049 1704 disjungi
1067 1608 1111 1680 ab
1127 1631 1169 1680 eo
1182 1630 1285 1703 posse
1298 1607 1427 1702 singu·

298 1719 413 1794 lurum
444 1724 679 1796 mutationum
700 1723 937 1797 consideratio
968 1722 1042 1817 ipsa
1061 1721 1239 1795 declarat.
1268 1718 1339 1793 Sed
1378 1742 1427 1790 ne

298 1837 536 1929 particulatim
556 1837 601 1912 de
626 1838 774 1934 singulis
790 1838 971 1923 dieamus,
990 1836 1034 1908 ad
1050 1835 1118 1908 tria
1142 1858 1271 1931 genera
1299 1848 1424 1910 nurus

298 1947 421 2024 omnee
447 1952 671 2025 reserantur:
693 1950 870 2049 quidquid
888 1952 986 2024 enim·
1011 1964 1192 2037 movetur,
1212 1950 1286 2023 sive
1304 1948 1423 2021 fertur

300 2067 336 2137 in
347 2066 441 2156 loco,
461 2069 534 2141 sire
551 2069 739 2157 alteratur,
760 2068 832 2140 sire
846 2068 972 2141 crescit
985 2082 1046 2140 aut
1061 2068 1301 2140 imminuitur.
1316 2067 1421 2151 Quod

301 2180 331 2251 si
352 2180 387 2252 in
408 2182 523 2255 tribus
539 2183 615 2258 istis
632 2195 798 2277 appareat
814 2206 882 2255 nna
901 2183 1063 2278 copulari
1082 2184 1119 2256 id
1132 2181 1229 2279 quod
1247 2193 1360 2254 moret
1383 2193 1417 2253 et

301 2293 336 2366 id
354 2299 449 2391 quod
467 2295 792 2388 moveturgabunde
802 2297 870 2370 erit
882 2298 966 2369 hnic
981 2297 1172 2393 quaestioni
1181 2296 1416 2372 satisfactum.

302 2412 462 2492 Quatuor
478 2425 596 2483 autem
628 2423 712 2483 sunt
730 2412 879 2484 omnino
904 2412 940 2482 in
965 2413 1042 2486 locu
1061 2412 1258 2499 motiones,
1285 2410 1420 2483 scilicet

301 2523 444 2618 pulsus,
470 2539 619 2611 tractus,
638 2525 842 2614 conversio,
868 2527 1004 2617 vectio,
1027 2529 1064 2600 in
1088 2551 1177 2623 quas
1202 2549 1324 2598 omnes
1341 2526 1417 2597 aliae

303 2640 479 2714 recidunt.
499 2647 587 2714 Cum
603 2665 683 2713 vero
715 2629 826 2714 vectio
842 2641 917 2737 ipsa
931 2642 975 2715 ad
995 2656 1066 2715 tres
1085 2643 1161 2714 illas
1172 2641 1312 2737 priores
1328 2640 1384 2712 rol
1402 2681 1418 2694 -

302 2769 422 2844 ratur,
451 2736 708 2851 conversioque
733 2755 901 2828 etiamen
929 2757 1036 2852 pulsu
1056 2771 1090 2829 et
1125 2771 1238 2830 tractu
1259 2767 1414 2845 constet,

303 2880 438 2941 tractus
452 2883 569 2943 antem
587 2883 621 2942 et
633 2870 764 2964 pulsus
781 2895 920 2967 semper
930 2875 1047 2969 aliqua
1066 2874 1170 2944 cauda
1187 2882 1311 2965 egeant
1324 2892 1414 2964 quae,

304 2984 355 3055 rei
375 2985 499 3057 mobili
513 2986 717 3078 conjuncta,
741 2989 900 3059 trahutet
918 2976 1095 3083 impellat,
1112 2987 1148 3058 in
1162 2997 1284 3080 aperto
1297 2999 1346 3056 est
1360 2984 1417 3055 ni-

305 3098 356 3169 hil
370 3098 406 3169 in
423 3099 503 3171 loco
518 3098 649 3171 moveri
664 3101 711 3197 ab
729 3100 806 3195 ipso
823 3110 957 3174 motore
971 3117 1185 3196 separatum.
1208 3099 1302 3170 Nihil
1317 3099 1415 3171 etiam
1493 3180 1494 3193 χ

305 3212 486 3299 immutari
512 3212 660 3303 evincit,
689 3215 779 3285 nihil
809 3215 931 3310 augeri
948 3208 1027 3289 'aut
1043 3214 1228 3300 imminui,
1252 3215 1414 3311 quoniam

305 3361 429 3411 omnes
448 3337 523 3410 istae
547 3338 762 3411 mutationes
781 3342 938 3433 pendent
956 3340 1067 3413 abeis
1082 3338 1237 3412 motibus
1253 3338 1320 3434 qui·
1337 3352 1417 3413 sunt

307 3453 344 3524 in
359 3453 438 3526 loco
451 3466 486 3525 et
497 3455 541 3526 ad
557 3474 616 3524 eos
632 3450 810 3526 recidunt.
884 3525 886 3527 ,

309 3724 312 3731 ,
358 3683 408 3749 Ex
425 3693 595 3751 eoautem
620 3680 782 3774 sequitur
800 3680 853 3777 (2)
872 3704 1014 3754 omnem
1039 3683 1281 3759 alterationem
1293 3683 1326 3754 in
1341 3706 1415 3756 sen·
1492 3730 1493 3741 .

344 3995 384 4070 (1)
403 3997 704 4075 Lin.V11‚cap.2,t.
718 3992 788 4068 naar,v
802 3999 866 4057 aaa.

231 4149 250 4163 η,
347 4086 384 4162 (a)
405 4085 870 4164 nn.v11‚cap.a,r.ata,2aa,
952 4113 959 4128 .
