3025 4975
14 4190 19 4265 i

668 490 827 548 ..37-

203 725 207 732 1
239 622 327 705 Quis
343 636 396 696 est
412 623 519 724 igitur
539 638 656 696 motus
674 623 732 697 iile
745 638 902 730 aeterpus
915 621 994 715 (iti
1010 630 1135 695 Utrum
1147 622 1311 728 quaedem

192 739 328 810 tantum
346 761 385 810 ea
401 737 537 809 ratione
555 751 763 826 moventur,
779 762 824 811 an
840 733 947 809 simul
964 737 1105 810 omnio?
1120 739 1229 828 Cujus
1243 732 1311 806 loci

190 852 425 940 consideratio
442 867 512 948 tota
531 853 568 923 in
584 854 743 949 quinque
753 854 883 926 recidit
894 853 1086 926 sententias
1102 879 1110 922 :
1127 851 1202 923 Dici
1217 848 1312 923 euim
1424 895 1426 900 s

190 982 305 1063 potest
332 982 392 1041 aut
418 968 535 1040 omniu
559 981 733 1064 aeternum
763 988 847 1041 esse
864 969 1032 1061 immota3
1060 980 1122 1040 eut
1138 981 1312 1040 oeternum

189 1081 311 1153 omnia
340 1083 493 1187 moverij
532 1096 593 1155 eut
625 1076 789 1178 quaedem
827 1097 1003 1183 oeternum
1031 1106 1108 1155 esse
1142 1082 1311 1162 immota,

189 1197 353 1290 quaedam
366 1198 498 1269 moveri
513 1199 524 1288 ς
538 1213 600 1270 out
612 1198 873 1271 omniamoveri
889 1213 924 1271 et
938 1199 1123 1293 quiescere
1138 1195 1292 1267 vicissim
1300 1220 1312 1280 3

155 1347 156 1351 ¹
189 1291 422 1410 autquoerlam
432 1326 587 1416 tautump
596 1314 699 1391 modo
713 1314 911 1409 quiescere,
922 1316 1027 1386 modo
1037 1308 1313 1385 movertomnia

189 1439 307 1497 eutem
326 1444 498 1501 oeternum
515 1429 660 1501 immota
676 1451 752 1500 esse
767 1428 932 1517 sensibus
951 1442 986 1501 et
1000 1427 1161 1525 opinioni
1182 1448 1315 1521 repug-

191 1553 261 1612 net.
276 1543 379 1625 Quod
400 1542 429 1622 si
449 1544 531 1636 quis
546 1544 736 1616 contendat
751 1542 825 1614 solli
843 1566 907 1616 nos
921 1543 1112 1638 opinione,
1131 1540 1315 1614 nihilomi-

190 1676 258 1728 nus
275 1657 446 1752 sequitur
456 1680 532 1730 esse
545 1657 705 1755 'aliquem
725 1671 883 1746 motum,
907 1659 1086 1753 eum-ipse
1100 1656 1221 1751 opinio
1241 1676 1312 1758 uon

189 1772 265 1845 sine
285 1789 383 1847 motu
413 1788 447 1847 et
473 1773 681 1845 alteratione
699 1773 829 1844 mentis
851 1774 963 1866 possit
990 1774 1079 1845 fieri.
1108 1778 1159 1843 Ne
1185 1767 1312 1841 rationi

189 1888 334 1981 quidem
360 1902 394 1974 et
416 1886 578 1988 opinioni
599 1888 708 1979 magis
724 1902 1000 1976 consentaneum
1018 1888 1174 1974 videtur,
1193 1884 1313 1956 omnia

189 2001 321 2072 moveri
338 2015 526 2073 soeternum.
557 2001 709 2094 Lapides
729 1999 824 2072 enim
849 2015 924 2071 tunt
946 2001 1028 2073 serri
1049 2001 1216 2071 deorsum
1237 2021 1314 2071 ver-

189 2134 290 2201 sum,
311 2128 388 2187 turn
404 2115 586 2208 quiescere
600 2113 637 2184 in
655 2127 747 2185 terra
764 2114 943 2205 videmus3
962 2112 1125 2209 quaedam
1142 2112 1312 2189 etiamio-

188 2250 270 2298 oum
285 2230 473 2324 proprium
490 2230 620 2301 hebere
636 2228 674 2298 in
689 2252 761 2322 quo
772 2217 897 2301 notura
911 2230 1111 2324 quieseant.
1130 2229 1246 2301 Polam
1259 2238 1312 2298 est

187 2341 291 2416 etiam
304 2343 409 2414 sineru
422 2366 498 2416 esse
510 2343 667 2444 aliquem
683 2342 803 2438 omnis
815 2343 1309 2444 alterationisetmutetionis,
1404 2411 1405 2416 ,

188 2477 228 2529 ex
253 2481 324 2552 quo
345 2457 508 2552 sequitur
524 2480 594 2529 non
611 2457 730 2529 omnia
749 2469 926 2529 oeternum
947 2458 1034 2531 ferri
1058 2470 1093 2530 et
1111 2458 1308 2530 immutari.

188 2578 259 2643 Neo
274 2570 392 2644 minus
409 2572 445 2643 in
461 2587 582 2667 aperto
601 2586 740 2643 estnon
757 2594 859 2666 posse
874 2573 951 2643 fieri
966 2590 1006 2644 ut
1023 2576 1151 2670 duplex
1172 2588 1309 2646 tantum

186 2687 234 2760 sit
253 2712 372 2759 rerum
397 2687 543 2760 habitus
567 2700 601 2759 et
627 2686 735 2765 altere
761 2700 934 2759 ueternum
958 2685 1182 2774 moveantun
1203 2689 1311 2759 altere

186 2801 264 2876 sine
282 2805 351 2875 fine
374 2803 579 2898 quiescent,
598 2803 741 2897 quaudo
755 2786 906 2896 'quidem
931 2803 967 2873 in
992 2803 1118 2875 iisdem
1144 2816 1259 2875 motus
1275 2815 1312 2875 et

188 2906 292 3013 quies
325 2912 525 3007 versentur,
560 2929 594 2989 et
623 2939 739 3009 neque
767 2918 947 3011 generatio
980 2941 1095 3012 neque
1127 2918 1310 3013 corruptio

187 3035 265 3108 fieri
293 3045 442 3128 possunt
466 3033 538 3107 uisi
551 3032 624 3117 siut
644 3031 738 3103 vices
755 3045 935 3127 perpetuae
956 3047 1073 3105 motus
1098 3047 1133 3105 et
1161 3028 1308 3128 quietis.

189 3155 360 3244 Superest
375 3149 484 3245 igitur
497 3160 537 3220 ut
555 3169 757 3242 quaeramus
773 3160 894 3220 utrum
908 3147 1028 3219 omnio
1045 3170 1109 3242 per
1127 3147 1221 3219 vices
1234 3172 1313 3220 mo·
1389 3166 1398 3179 ·

187 3281 335 3338 veantur
349 3278 384 3335 et
398 3248 603 3359 quiescant,
622 3286 667 3334 an
680 3264 844 3357 'quaedam
864 3286 904 3334 ea
923 3262 1061 3334 ratione
1078 3285 1114 3332 se
1131 3263 1310 3352 habeant,

188 3379 351 3474 quedam
369 3400 510 3473 semper
529 3390 694 3450 maneant
712 3375 877 3469 immota,
899 3375 965 3448 alie
984 3397 1123 3469 semper
1144 3399 1312 3450 moreau·
1394 3376 1396 3379 ’

187 3507 259 3566 tur.

238 3721 286 3791 Ea
304 3709 695 3813 autemdiseeptatione
713 3709 882 3783 diiueuda
901 3712 954 3802 (2)
969 3705 1005 3779 id
1023 3706 1180 3803 primum
1201 3728 1313 3800 pone-

202 3896 1302 3925 Μ

222 4031 262 4106 (1)
281 4031 343 4089 tio.
357 4003 572 4102 V111,cap.s,'
588 4028 608 4086 r.
622 4024 768 4094 esseut.

221 4121 260 4196 (2)
279 4115 594 4195 tib.v111,ep.tf,t
607 4116 672 4176 255.
