3025 4975
774 457 930 516 ..10-

292 605 447 682 extiterit
461 608 676 682 etementurn
695 607 919 702 simplicius,
945 607 1140 705 siveaqtta,
1160 609 1234 683 stre
1247 609 1361 706 ignis3
1383 606 1434 679 in³

292 757 365 827 quo
384 754 487 805 causa
510 731 558 804 sit
582 755 646 802 cur
665 732 803 827 lignum
825 731 943 826 ipsum
971 745 1162 822 moveatur,
1190 746 1353 805 constare
1376 727 1433 805 ex‘

221 853 224 859 “
291 847 358 920 isto
374 847 547 920 elemento
565 861 727 919 naturam
745 859 841 919 recte
855 846 1155 919 contenderimus.

342 1054 369 1120 Ε
388 1051 565 1125 contrario
590 1065 706 1125 autem
727 1052 780 1144 (t)
800 1049 939 1123 videtur
964 1063 1091 1123 natura
1110 1052 1252 1125 rectius
1270 1051 1314 1123 ad
1339 1050 1430 1125 sor-

292 1164 1427 1262 mamreferriquamadmateriam,quoniamnondictmusesse

291 1279 327 1350 in
347 1280 471 1376 atiquo
490 1293 673 1368 naturum,
701 1281 732 1351 si
753 1292 893 1352 tantum
920 1301 997 1352 esse
1017 1296 1145 1377 queat,
1168 1294 1297 1379 Δυνάμει
1318 1291 1355 1379 ᾖ,
1386 1293 1427 1355 et

292 1396 450 1482 nondum
471 1396 535 1482 sit,
558 1395 618 1467 scd
632 1395 663 1467 si
677 1393 828 1467 sormam
849 1392 945 1470 ittam
958 1395 1029 1489 jam
1052 1394 1210 1470 induerit
1227 1417 1290 1491 per
1308 1415 1430 1490 quam*

291 1508 380 1582 ittun
394 1510 597 1582 definimus.
613 1511 705 1594 Quin
719 1509 825 1584 etiam
841 1509 988 1582 sormam
1007 1531 1027 1582 e
1044 1509 1157 1584 Forma
1171 1510 1301 1583 exoriri
1317 1510 1427 1584 vide-

292 1647 392 1720 mus,
420 1627 465 1697 ab
483 1626 626 1698 homine
648 1628 826 1698 hominem
847 1626 1028 1721 generari3
1054 1639 1188 1722 cx'quo
1205 1625 1359 1699 efficitur
1378 1639 1426 1700 nt

291 1753 453 1812 naturam
470 1742 507 1813 in
528 1742 640 1814 sorma
655 1742 797 1814 insitam
812 1765 890 1814 esse
899 1741 1117 1814 arbitremur
1129 1753 1164 1813 et
1177 1764 1254 1815 esse
1265 1741 1422 1818 formam

291 1878 411 1929 rerum
431 1880 512 1950 quae
528 1871 643 1930 motus
662 1858 884 1953 principium
901 1857 939 1928 in
966 1879 1003 1928 se
1017 1857 1170 1943 habent,
1198 1857 1352 1928 formam
1369 1871 1423 1929 ta·

291 1965 371 2044 rnen
382 1995 458 2046 eam
469 1972 709 2068 quaediuetlia
720 1972 865 2045 materia
880 1994 948 2043 non
963 1970 1190 2064 possitaliter
1205 1993 1311 2065 quam
1322 1991 1424 2044 men·

290 2084 335 2158 tis
353 2086 510 2179 actione,
535 2111 573 2161 ro
591 2099 708 2161 autem
730 2101 765 2160 et
786 2098 890 2174 actu,
913 2080 1111 2183 Εντελεχείᾳ,
1129 2108 1269 2180 semper
1282 2081 1422 2180 vadjun-

290 2215 404 2298 gutur.
425 2209 486 2277 Est
504 2204 611 2300 igitur
630 2215 757 2276 natura
772 2201 969 2275 substantia
990 2224 1110 2273 rerum
1131 2201 1312 2287 etforma,
1332 2209 1424 2277 οὐσία

289 2323 340 2393 καὶ
356 2323 446 2405 etcum
470 2320 565 2390 unde
579 2319 742 2414 sequitur
762 2303 815 2409 (2)
834 2317 1001 2412 adjuncta
1020 2315 1070 2387 itti
1088 2338 1165 2388 esse
1180 2329 1333 2411 quatuor
1349 2315 1418 2389 ista
1505 2411 1506 2416 Ἰ

289 2429 466 2529 principia
492 2430 536 2506 ad
561 2453 640 2528 quae
660 2420 819 2505 traduxit
841 2430 1048 2505 Aristoteles
1071 2423 1271 2504 universnm
1295 2449 1416 2504 rerum

289 2547 467 2637 notitiam,
502 2568 630 2642 nempe
653 2547 835 2619 materiam
861 2560 896 2619 et
913 2546 1085 2634 formam,
1107 2560 1297 2642 motusque
1317 2546 1418 2641 prin·

289 2661 442 2758 cipium,
460 2674 494 2735 ct
510 2664 631 2751 finem,
646 2674 700 2744 τὴν
717 2670 806 2748 ὕλην,
824 2672 858 2740 τὸ
871 2667 963 2748 εἶδος,
980 2674 1033 2743 τὴν
1044 2673 1201 2761 ἀρχὴντῆς
1213 2675 1367 2754 κινήσεως,
1379 2671 1413 2739 τὸ

289 2784 380 2863 retae.
394 2782 576 2863 Quatenus
590 2778 684 2851 enim
705 2800 825 2851 rerum
842 2779 954 2851 forma
969 2791 1040 2866 est,
1059 2777 1278 2874 principium
1295 2790 1415 2850 motus*

289 2894 411 2982 habet,
431 2893 599 2989 quoniam
623 2887 735 2967 ¹forma
751 2916 793 2966 cx
807 2893 921 2967 forma
934 2894 1111 2985 exoritur3
1129 2906 1291 2966 constare
1308 2892 1416 2967 etiam

289 3006 384 3078 issam
411 3031 452 3080 ex
471 3010 617 3081 materia
645 3009 873 3105 perspicuum
898 3010 954 3095 fit,
981 3033 1062 3082 cum
1084 3009 1233 3105 singulis
1257 3008 1409 3082 motibus

288 3122 407 3217 aliqua
422 3145 561 3218 semper
572 3123 732 3223 subjecta
746 3128 792 3197 sit
811 3125 973 3223 materia3
992 3138 1129 3197 certum
1145 3124 1408 3219 denique-spec·

289 3247 364 3308 tare
381 3235 426 3308 ad
447 3236 551 3308 smem
564 3251 726 3310 naturam
748 3225 871 3335 liquet,
895 3261 1004 3334 quum
1021 3239 1066 3310 sit
1079 3238 1114 3308 in
1133 3262 1172 3310 ea
1192 3237 1409 3333 principium

289 3365 429 3440 motus,
454 3353 571 3425 omnis
593 3366 710 3426 autem
730 3369 848 3427 motus
862 3354 1054 3428 continuus
1067 3353 1223 3449 aliquem
1241 3354 1286 3426 ad
1301 3356 1402 3424 tinem

290 3466 510 3540 intendatur.
592 3470 596 3475 ’
909 3484 912 3491 ’

338 3670 491 3742 Rturimu
508 3671 546 3743 in
568 3672 635 3743 hoc
653 3676 861 3764 argumenta
886 3668 1037 3743 cuntulit
1057 3668 1264 3742 Aristoteles
1285 3683 1324 3741 ut
1342 3691 1400 3764 ap-

287 3786 454 3880 proboret
473 3784 634 3861 naturam
651 3799 789 3859 certum
807 3784 913 3856 tlncm
926 3782 996 3857 sibi
1015 3783 1238 3878 propositum
1253 3783 1397 3872 muare,

325 4041 363 4112 (ι)
381 4040 624 4115 t.11‚cap.2,r.
642 4043 706 4100 tot.
902 4087 905 4091 ,

324 4131 365 4202 (a)
384 4129 447 4188 tn.
461 4130 507 4199 11,
520 4148 580 4206 cap.
594 4130 725 4206 cetur.
740 4131 810 4198 195,
828 4128 893 4199 roo:
