3025 4975
664 528 865 586 7-2...

230 700 401 751 arcanum
414 677 509 752 istud
526 677 757 773 physicorum
770 678 974 772 dogmatum
988 675 1280 766 -recluderemus,
1295 698 1353 748 ex-

229 793 502 889 periremurque
524 817 569 865 an
590 792 625 864 in
654 793 733 865 istis
749 793 834 865 olim
857 793 951 866 tritis
982 791 1204 889 vulgatisque
1228 791 1347 881 libris,

228 931 328 980 nunc
355 922 472 980 autem
500 909 676 982 oblivione
702 932 794 1003 pene
818 907 972 997 obrutis,
1000 907 1194 1003 sepositum
1219 906 1353 1002 aliquid

228 1019 426 1118 essetquod
445 1019 764 1118 ad'philosophiam
786 1022 969 1118 antiquam
990 1022 1245 1114 enucleandam
1263 1021 1353 1095 vele·

229 1151 303 1226 ret,
323 1131 492 1235 quodque
508 1141 552 1213 ad
563 1163 649 1213 usus
663 1162 746 1213 suos
762 1137 980 1221 recentiores
994 1152 1131 1211 naturae
1142 1138 1352 1234 interpretes

228 1253 470 1326 deflecterent.

279 1483 408 1567 Quanti
418 1499 536 1556 autern
549 1483 596 1556 sit
612 1483 782 1555 momenti
793 1496 829 1555 et
843 1482 1011 1578 ponderis
1021 1480 1216 1577 disputatio
1232 1481 1353 1555 istade

226 1597 414 1693 principiis
425 1597 526 1669 lacile
536 1597 704 1687 elucebit,
721 1598 750 1669 si
762 1597 1066 1670 animadvertatur
1081 1595 1219 1668 nullum
1233 1610 1351 1691 patere

226 1710 1353 1807 latius,exceptismetaphysicis,Aristotelisplacitum,nullum-

205 1810 296 1924 ⁸que
316 1827 397 1924 plus
410 1830 452 1899 ad
470 1843 606 1900 naturae
625 1828 789 1901 notitiam
803 1828 967 1900 conferre
983 1850 1088 1923 quam
1103 1826 1147 1900 de
1165 1850 1237 1923 quo
1255 1850 1352 1900 nunc

226 1944 353 2038 agitur.
379 1947 457 2025 Quo
492 1941 588 2014 enim
613 1956 773 2037 tempore
801 1944 920 2016 caeteri
939 1942 1142 2039 philosophi
1163 1955 1296 2016 temere
1317 1953 1353 2013 et

227 2058 429 2131 inconsulte
452 2059 619 2154 figmenta
644 2058 688 2131 de
705 2081 826 2131 rerum
850 2082 988 2131 summa
1024 2058 1239 2148 condebant,
1262 2056 1353 2152 opti·

226 2197 301 2247 mas
320 2163 380 2246 ille
398 2173 589 2269 indagandi
609 2174 679 2246 vias
705 2189 740 2246 et
776 2173 929 2246 rationes
954 2171 1189 2268 praetentavit,
1217 2171 1352 2268 primo·

221 2289 443 2387 queingenii
459 2291 621 2383 conjectu
634 2288 781 2362 invenit.
803 2291 921 2384 thue
938 2290 1091 2363 clariore
1108 2290 1146 2361 ili
1163 2290 1243 2361 luce
1263 2301 1355 2361 esset

225 2406 437 2477 collocatum
465 2427 569 2500 quam
604 2403 832 2499 potissimum
866 2405 1043 2478 rationem
1067 2405 1106 2477 in
1128 2402 1353 2501 explorandis

225 2519 380 2616 singulis
393 2519 500 2592 rebus
513 2542 763 2615 sequeremur,
779 2535 968 2617 postquam
985 2520 1100 2616 prima
1115 2531 1234 2594 rerum
1248 2519 1353 2617 prin-

226 2637 323 2732 cipia
343 2637 542 2728 invenerat,
566 2637 876 2732 perpenderatque
910 2640 1087 2733 cujusque
1107 2637 1157 2710 rei
1177 2658 1302 2710 causas
1318 2649 1355 2709 et

143 2846 147 2849 ,
228 2752 522 2848 consequentias,
542 2748 614 2821 vim
642 2750 798 2846 denique
822 2752 965 2824 omnem
985 2749 1121 2824 naturae
1146 2760 1353 2848 perceperat

218 2880 336 2963 utque
356 2866 617 2963 exploraverat,
650 2866 826 2940 summam
855 2868 963 2940 totius
993 2868 1167 2942 doctrinae
1193 2868 1249 2941 his
1272 2881 1353 2941 octo

196 2987 198 2990 ’
229 2982 268 3053 in
287 2983 389 3055 libris
404 2982 598 3069 conclusit,
619 2983 721 3077 quasi
739 2983 776 3054 in
798 2982 913 3056 fronte
930 2985 1169 3078 quaestionum
1184 2982 1355 3080 physica-

229 3120 310 3169 rum
328 3096 523 3192 ponendis,
554 3100 648 3170 unde
666 3098 788 3169 lumen
808 3098 846 3167 in
867 3098 1025 3193 singulas
1044 3112 1163 3194 partes
1176 3100 1350 3173 efflueret.

229 3217 269 3282 ln
287 3212 342 3283 his
355 3223 533 3301 versatus,
551 3235 631 3284 rere
651 3206 867 3306 prooemium
887 3226 923 3285 et
936 3213 1263 3310 interpretationem
1289 3237 1355 3287 na·

198 3370 202 3375 -
229 3337 341 3416 turae,
364 3322 842 3425 explorataqueadumbravit.

281 3580 328 3646 Ea
347 3586 465 3646 autem
485 3560 739 3646 commentatio
748 3574 894 3670 physica
908 3597 1019 3670 quum
1034 3562 1203 3652 latissime
1217 3592 1349 3675 pateat,

231 3713 348 3788 neque
363 3690 466 3762 modo
479 3689 570 3761 scire
584 3688 744 3783 expediat
761 3689 901 3784 quaevia
920 3713 983 3793 per
996 3693 1235 3788 cognitionem
1248 3693 1349 3789 ierat,

221 3828 312 3902 quae
328 3803 402 3878 sint
417 3803 593 3898 cujusque
610 3803 659 3875 rei
681 3803 791 3898 leges,
814 3827 895 3908 quae
912 3819 1057 3894 natura,
1074 3809 1136 3881 sed
1163 3810 1267 3911 etiam
1280 3833 1352 3906 quo

230 3944 323 3992 nexu
353 3920 448 3991 inter
475 3942 511 3991 se
540 3919 661 3989 omnia
691 3919 912 4009 cohaereant,
951 3922 1083 4015 quibus
1113 3924 1290 4017 pendeant
1309 3949 1350 3998 ex

231 4033 440 4134 principiis,
460 4057 566 4129 quem
591 4033 660 4107 sibi
690 4035 795 4107 linem
816 4035 966 4108 habeant
993 4036 1237 4133 propositum,
1262 4039 1351 4119 lacta

232 4151 277 4226 de
298 4148 354 4225 his
373 4146 539 4251 omuibus
558 4146 802 4244 dubitatione,
823 4164 895 4224 tres
909 4151 945 4224 in
964 4165 1081 4253 partes
1101 4166 1207 4227 totam
1226 4152 1353 4255 dispu-
