3025 4975
707 501 866 565 ..34-

226 677 332 753 etium
348 674 483 770 requiri
505 691 544 750 ut
565 675 724 749 eamdem
742 677 846 771 quasi
879 677 1075 771 subjeetum
1097 690 1260 758 naturam
1284 677 1348 748 na·

224 794 349 883 beau13
375 804 520 885 utputa
545 792 576 865 ai
595 792 653 865 hie
676 804 794 863 metue
812 805 906 868 reeta
926 791 1073 881 seratur,
1095 790 1159 863 ille
1181 803 1348 864 curvetur

224 907 264 980 in
297 905 446 991 orbem,
479 903 632 977 eenlerri
664 928 736 976 nen
764 916 895 998 posse,
927 928 1023 978 cum
1045 929 1117 991 nen
1147 904 1186 976 in
1215 904 1346 977 eisdem

225 1035 422 1096 versentur.

279 1237 380 1322 Quod
404 1234 435 1308 si
455 1235 626 1316 habeatur
648 1233 738 1312 ratio
758 1232 810 1308 vis
829 1233 1024 1322 moventia,
1051 1218 1296 1332 temporisque
1316 1250 1351 1315 et

226 1350 397 1449 penderis
426 1350 498 1447 (t),
535 1349 587 1424 uis
614 1346 734 1421 eadem
750 1349 904 1442 pondus
927 1371 1073 1443 aequutn
1101 1372 1167 1442 pro
1194 1360 1352 1446 tempure

231 1467 405 1560 movebit3
424 1464 654 1553 nemineum,
671 1463 1042 1559 duplicabiturmotus
1056 1476 1216 1558 tempore
1229 1463 1353 1562 duple,

232 1584 373 1678 eritque
398 1578 544 1654 dimidia
566 1579 603 1654 in
634 1592 734 1672 parte
759 1578 928 1672 temporis
952 1576 1099 1651 dimidiu
1124 1579 1259 1669 minem
1291 1578 1353 1653 sed

232 1721 350 1792 neque
369 1695 491 1769 eadem
516 1694 569 1770 uia
585 1692 726 1788 pondua
741 1694 890 1788 duplex,
913 1716 1030 1788 neque
1051 1692 1197 1768 dimidia
1214 1696 1354 1789 pondus

232 1812 325 1885 idem
342 1824 501 1903 tempure
517 1808 627 1903 duple
643 1807 818 1895 movebit,
834 1807 902 1880 nisi
920 1806 1135 1882 concedatur
1155 1808 1225 1880 vim
1239 1829 1353 1902 quan·

232 1926 501 2017 tulameumque
525 1923 652 1998 molem
680 1923 888 1995 immensam
918 1945 1059 1996 movere
1082 1944 1210 2016 pesae,
1239 1924 1356 2017 qued-

169 2091 173 2098 «
235 2039 380 2138 quidem
395 2036 525 2109 rationi
545 2021 731 2132 repugnat.
745 2039 845 2109 Adde
862 2038 969 2110 etiarn
983 2060 1060 2109 eam
1080 2037 1193 2130 legem
1213 2058 1284 2108 nen
1302 2058 1357 2109 so·

235 2159 311 2231 lum
334 2155 366 2228 ei
384 2152 495 2225 metui
515 2150 632 2245 quiin
658 2153 736 2226 leee
760 2154 821 2238 fit,
840 2153 903 2226 sed
923 2151 1022 2226 omni
1046 2150 1244 2235 alterationi
1275 2172 1358 2221 auc·

236 2268 428 2364 lienique,
472 2266 623 2369 singulis
652 2265 809 2362 denique
848 2267 1108 2342 mutationibus
1138 2267 1227 2338 bene
1251 2286 1356 2338 aan-

237 2405 380 2481 gruere.

726 2522 820 2677 Lx,

238 2798 248 2807 ⁸
276 2807 361 2891 ,tam
386 2784 607 2897 compertum
628 2799 800 2895 hahemus
819 2824 960 2873 causam
984 2806 1101 2876 motus
1118 2804 1359 2897 essealiquam

239 2917 413 3014 primam,
442 2941 523 2989 eum
550 2916 708 3013 eoquod
733 2930 894 2989 movetur
917 2915 1164 3014 conjunctam,
1194 2932 1230 2991 et
1249 2942 1313 3015 per
1325 2940 1362 2992 se
1424 3000 1427 3003 ,

240 3045 452 3104 moventem.
476 3036 578 3103 Nune
592 3044 708 3103 autem
726 3031 754 3103 si
770 3031 1047 3105 intellexerimus
1059 3056 1223 3141 quaenam
1241 3033 1286 3105 sit
1298 3056 1361 3129 per

243 3169 280 3219 se
296 3144 354 3217 illa
373 3167 500 3232 eausa,
537 3158 658 3216 utrum
684 3166 726 3216 ex
748 3146 894 3218 materia
915 3162 1079 3219 concreta
1103 3170 1147 3219 an
1165 3137 1364 3241 sejunctae

243 3258 455 3348 sensilibus,
478 3259 635 3331 mortalis
652 3282 696 3330 un
716 3272 864 3350 aeterna,
889 3261 1007 3356 quavi
1024 3243 1362 3357 deniquemeveat,

242 3375 311 3450 erit
327 3375 483 3470 physicae
510 3372 568 3446 isti
595 3374 879 3470 interpretationi
893 3362 1073 3472 ¹tanquam
1098 3375 1274 3472 fastigium
1293 3375 1366 3448 im-

242 3489 411 3588 positum.
435 3490 508 3561 Sed·
523 3501 562 3560 ut
579 3489 718 3562 facilius
739 3491 874 3562 eluceat
893 3490 930 3563 id
942 3494 1045 3586 ,quod
1059 3491 1277 3586 quaerimus,
1299 3494 1368 3565 hoe

242 3603 401 3701 primum
415 3602 662 3701 praemittatnr,
683 3604 821 3676 nullum
834 3630 991 3701 unquam
1009 3606 1119 3677 luisse
1134 3605 1275 3685 initium
1292 3631 1367 3679 me-

242 3731 321 3808 tue,
358 3720 495 3793 nullum
528 3720 633 3793 linem
650 3708 816 3803 futurum
841 3724 907 3821 (l).
947 3726 1132 3792 AEternum
1165 3721 1262 3793 enim
1291 3744 1369 3794 esse

242 3850 378 3908 motum
398 3850 435 3908 et
453 3836 551 3907 nullo
571 3835 739 3932 temperis
757 3848 890 3930 puncto
906 3835 1111 3908 inchoatum
1131 3859 1173 3906 ex
1192 3835 1267 3931 ipsa
1289 3860 1367 3909 me-

278 4155 318 4230 (1)
336 4150 812 4229 urnvrttmuafattmn.
856 4123 877 4213 ,’
