3025 4975
52 407 79 462 s

18 543 24 554 ,,
43 495 44 498 ‘
590 513 630 526 -
650 484 728 552 9⁴.-

13 555 29 680 ss
102 642 145 715 ad
165 609 271 715 linem
287 653 477 737 spectent,
489 640 579 715 nihil
598 641 667 716 erit
681 639 778 739 quod
791 642 836 716 ad
853 664 970 716 rerem
986 666 1107 718 rerum
1126 642 1220 719 netiss

42 823 44 827 ,
100 758 184 830 tiam
205 758 392 833 desideret.

12 1043 14 1084 r
174 1047 178 1055 .
624 981 691 1048 ΙΙΙ.

12 1193 14 1270 ἶ
107 1211 326 1280 -lleetenus
347 1205 392 1280 de
410 1205 610 1302 principiis.
640 1211 742 1278 Nune
764 1217 881 1280 autem
907 1218 959 1278 est
979 1217 1085 1299 capul
1111 1202 1221 1277 letius
1283 1235 1295 1272 ·.

12 1337 46 1400 ξ’
100 1336 230 1399 nostrae
256 1323 403 1397 rationis
431 1325 617 1397 estendere
643 1344 722 1395 eam
753 1322 822 1393 uim
846 1343 953 1415 quem
980 1334 1143 1393 naturam
1162 1343 1222 1392 vu·
1297 1371 1302 1396 .

12 1515 13 1518 ,
98 1459 236 1528 cemus,
257 1462 297 1510 ex
314 1463 383 1534 qua
398 1435 592 1534 gignuntur
605 1437 765 1534 singula,
782 1436 913 1509 hebere
929 1435 1036 1508 insita
1051 1435 1090 1508 in
1102 1435 1221 1509 seduo

12 1575 13 1580 ¹
97 1553 166 1652 istu
181 1553 356 1648 principia
375 1552 418 1625 ad
431 1577 512 1650 quee
528 1547 655 1627 eaetera
673 1552 794 1626 emnia
807 1553 1133 1646 'reciduntmempe
1148 1569 1223 1620 ma·

65 1704 67 1708 <
97 1667 225 1741 teriam
245 1667 464 1757 efformem,
487 1666 894 1765 prorsusqueuriginem
908 1678 1075 1740 metuset
1089 1666 1218 1764 linem,

12 1831 14 1872 r
97 1782 194 1878 quod
215 1781 262 1854 ita
278 1782 664 1878 Aristotelesexplicet.

31 1999 35 2004 ⁴
102 2065 116 2078 .
147 2010 187 2077 ln
198 2005 250 2078 his
262 2007 430 2078 omnibus
448 2009 500 2102 (l)
520 2030 601 2102 quae
618 2004 815 2094 seeundum
831 2018 993 2077 naturam
1007 2027 1083 2078 esse
1098 2003 1223 2078 dieun·
1287 1989 1289 1994 ’
1310 2095 1312 2100 ,

12 2177 14 2210 ,
98 2119 611 2216 lur,estsubslanliaquaedam
625 2121 785 2215 subjecta
798 2142 879 2214 quae
889 2119 994 2192 mode
1013 2119 1227 2192 immutetur¹

12 2293 14 2302 ,
96 2233 1224 2334 elmovetur‚m0d0quiesci13easautemvieesmulusetquielis

12 2377 31 2422 '.
96 2370 117 2420 e
136 2369 240 2421 eausa
264 2348 384 2443 eliqua
406 2350 561 2444 pendere
581 2350 834 2447 intelligimus,
853 2364 887 2423 et
906 2372 983 2420 eam
1002 2371 1144 2423 musam
1158 2371 1224 2420 ne·

12 2530 13 2545 ,
97 2476 214 2536 turam
240 2484 316 2534 esse
341 2484 595 2536 asseveremus.
623 2470 763 2559 Exque
786 2464 949 2559 sequitur
969 2476 1008 2535 ut
1034 2473 1160 2535 natura
1177 2462 1223 2535 sit

95 2600 202 2652 eausa
227 2592 345 2650 motus
362 2591 396 2650 el
414 2578 567 2674 quietis,
591 2602 662 2650 nnn
690 2580 850 2673 sejuncta
869 2592 987 2652 temen
1008 2580 1052 2651 ab
1069 2578 1123 2650 his
1141 2602 1222 2673 quae

30 2738 32 2743 -
93 2689 230 2765 'eadunt
245 2693 312 2766 sub
328 2715 454 2766 sensus
470 2707 629 2784 nostros3
653 2695 714 2766 sed
729 2707 853 2787 eontra
869 2693 982 2789 posim
996 2692 1031 2764 in
1049 2692 1140 2785 illis,
1168 2707 1222 2765 et-

63 2845 69 2851 ·
97 2830 170 2901 que
200 2807 400 2895 inhaerens,
421 2810 524 2904 eujus
542 2810 699 2905 impulsu
720 2810 811 2881 fiunt
839 2830 1075 2904 quaecumque
1089 2810 1224 2881 moveri
1277 2855 1279 2859 f

97 2934 159 2993 aut
177 2921 378 3013 immutari,
399 2942 559 2998 creseere
576 2940 637 2996 aul
662 2923 830 3015 imminui
847 2922 1027 2995 videnlur.
1052 2930 1102 2996 Eu
1123 2924 1162 2996 fil
1183 2936 1223 2998 ut

96 3058 138 3110 ea
155 3059 233 3110 esse
255 3061 274 3109 e
301 3051 428 3112 nature
447 3039 501 3112 vel
519 3061 678 3135 congrua
697 3051 834 3111 naturae
851 3038 1010 3111 dicemus
1031 3038 1067 3110 in
1090 3039 1222 3134 quibus

97 3152 145 3225 sit
163 3137 308 3247 aliquod
328 3153 502 3247 ejusmodi
527 3154 674 3257 insitum
694 3154 942 3249 principium,
962 3178 1034 3249 quo
1054 3156 1222 3247 adjuncto

96 3284 214 3360 perse
233 3267 319 3341 sient
341 3281 377 3341 el
395 3283 615 3342 moveantur.
640 3270 769 3342 Cubile
783 3292 865 3367 reru
880 3282 915 3344 et
929 3264 1055 3342 caerem
1072 3270 1150 3361 ejus
1163 3291 1223 3363 ge·
1247 3326 1250 3331 ,

12 3462 13 3473 ¹
96 3382 198 3454 neris
215 3405 287 3454 nen
305 3406 384 3456 esse
400 3406 419 3456 e
437 3398 564 3457 natura
583 3382 761 3472 dicimus,
792 3385 872 3458 ideo
892 3386 988 3479 quod
1006 3383 1221 3456 effectricem

12 3556 14 3581 ,
95 3518 248 3567 eausam
265 3519 336 3568 nun
361 3497 398 3569 in
423 3521 460 3571 se
482 3498 691 3589 continent,
717 3523 789 3573 nun
810 3513 971 3573 movetur
992 3498 1087 3573 enim
1105 3496 1223 3571 cubile

12 3614 13 3617 ’
97 3610 405 3704 qmrenuscubile
416 3625 482 3701 est,
496 3614 561 3685 sed
572 3628 749 3710 quatenus
763 3603 942 3711 ligneum:
960 3614 1082 3686 namsi
1095 3598 1222 3687 recon-
1294 3654 1296 3657 v

95 3723 214 3796 ditum
226 3723 264 3795 in
280 3738 371 3799 terre
386 3725 512 3813 luerit,
533 3740 793 3824 enascaturque
803 3729 960 3824 aliquid,
974 3728 1111 3824 lignum
1133 3727 1221 3814 erit,

95 3856 172 3910 uon
186 3838 320 3912 cubile.
349 3838 493 3916 constat
516 3842 626 3938 igitur
650 3842 786 3938 eligno
806 3856 953 3934 natura,
973 3842 1004 3914 si
1028 3838 1222 3915 v'eroeliud

12 4048 14 4053 ,
100 4022 1244 4059 mm,

132 4131 174 4204 (l)
193 4132 255 4194 lle.
268 4132 315 4205 ll,
327 4150 390 4210 cap.
404 4136 439 4208 l,
453 4136 473 4194 l.
487 4137 557 4208 192,
568 4137 631 4198 193.
645 4160 647 4163 ·
