3025 4975
768 519 928 580 ..14..

284 672 570 772 mathematicum
609 685 643 745 ot
676 669 899 769 ,astrologum
927 671 1090 767 intersit3
1115 673 1287 770 physicus
1311 672 1422 745 enim

286 790 323 862 in
343 790 455 862 lormn
475 789 581 870 simul
601 801 637 862 et
655 789 798 866 materia
819 783 1274 881 versaturgmathematicns
1290 802 1420 862 autem

284 906 435 990 sormam
462 916 602 976 tantum
618 904 872 999 amplectitur,
905 903 1109 992 immotam,
1142 926 1162 975 a
1190 902 1419 999 materiaque

285 1031 499 1115 separatam3
512 1019 709 1114 astrologus
724 1018 874 1092 vmobilia
890 1019 1050 1117 quidem,
1068 1018 1131 1092 sed
1144 1030 1276 1091 aeterna
1291 1029 1328 1089 et
1340 1016 1417 1089 lm-

285 1132 463 1224 mortalia‚
485 1134 758 1231 contemplatur.

814 1371 873 1437 tv,

331 1606 407 1674 lam
431 1613 568 1673 constat
586 1623 627 1672 ex
645 1598 828 1694 prioribus
844 1598 982 1694 placitis
995 1611 1157 1671 naturam
1176 1620 1410 1674 essecausam

284 1727 404 1790 motus
419 1730 454 1787 et
472 1715 559 1788 nihil
580 1739 651 1788 non
669 1714 712 1787 ad
731 1716 905 1788 rationem
927 1721 966 1787 et
981 1727 1147 1810 tanquam
1167 1713 1210 1786 ad
1225 1725 1337 1787 artem
1352 1712 1411 1785 tli-

284 1831 411 1927 rigcre.
438 1828 649 1928 Requiritur
666 1839 784 1902 autem
804 1833 848 1904 atl
866 1831 1061 1926 pleniorem
1084 1842 1220 1901 naturae
1247 1828 1410 1900 notitiam

284 1959 324 2020 ut
341 1949 478 2020 huncce
497 1960 651 2036 motum,
686 1948 803 2043 qualis
822 1947 867 2020 sit
884 1961 918 2020 et
943 1970 1048 2042 quern
1067 1949 1231 2020 adfinem
1246 1959 1406 2046 spectet,

283 2061 536 2161 percipiamus.
559 2061 629 2134 Sed
646 2074 836 2157 antequam
856 2063 922 2135 hoc
936 2062 1194 2159 aggrediamur,
1213 2060 1324 2131 multa
1345 2082 1409 2131 oc·

284 2191 435 2251 currunt
454 2198 534 2270 quae
558 2174 753 2270 impediant
773 2181 794 2246 a
814 2176 1067 2275 propositoque
1092 2173 1314 2267 deterrean't‚'
1339 2171 1409 2260 nisi

286 2316 305 2365 e
329 2290 381 2361 via
405 2289 672 2384 quamprimum
699 2288 880 2361 tollantur.
910 2295 995 2378 Nam
1030 2315 1141 2389 quum
1157 2291 1229 2386 jam
1254 2287 1334 2363 ante
1362 2284 1407 2359 sit

286 2404 520 2478 constitutum
535 2426 605 2476 non
620 2403 719 2498 prins
732 2403 870 2503 singula
885 2405 1017 2503 percipi
1039 2429 1140 2505 posse
1152 2407 1258 2505 quam
1280 2397 1407 2507 genera

286 2522 528 2607 innotescant,
550 2532 742 2614 antequam
771 2522 814 2591 ad
843 2535 977 2594 motum
1001 2521 1197 2595 naturalem
1225 2521 1406 2619 ipsiusque

287 2638 393 2710 linem
418 2632 642 2719 accedamus,
662 2633 823 2727 primum
845 2630 889 2707 de
904 2649 1016 2724 motu,
1039 2636 1202 2730 quisnam
1217 2638 1263 2710 sit
1278 2642 1342 2731 per
1355 2634 1404 2723 se,

285 2766 340 2826 ont
357 2748 635 2845 requirendumr
660 2745 804 2834 adhoc,
824 2761 936 2844 quum
953 2762 1069 2823 motus
1086 2750 1258 2825 omnis'in
1276 2774 1406 2847 corpo-

288 2869 387 2945 ribus
404 2876 561 2963 vertetur
578 2866 651 2956 (l),
669 2866 816 2960 corpora
832 2878 1037 2938 autemnon
1050 2865 1127 2938 sine
1140 2866 1257 2960 aliqua
1272 2884 1407 2962 tempo·

288 2971 662 3075 risetspatii'ratione
678 2979 923 3074 coeponius,
949 2995 1089 3074 tempus
1102 3003 1183 3052 vero
1198 2994 1234 3053 et
1255 2981 1405 3076 spatium

286 3095 428 3173 infinita
454 3116 532 3171 ease
562 3088 746 3168 rideantur
762 3144 783 3187 ,Ι
800 3095 845 3167 de
872 3088 1013 3168 infinito
1041 3106 1201 3189 tempore
1227 3095 1405 3190 et'spntin

285 3211 521 3309 quaerendum
536 3221 610 3296 est,
626 3230 668 3281 eo
687 3221 822 3285 serrato
836 3208 962 3283 ordino
976 3222 1014 3282 ut
1031 3210 1182 3305 cognitis
1197 3210 1296 3305 prins
1309 3211 1405 3305 prin·

286 3325 391 3421 cipiis
422 3346 504 3420 qua
532 3323 637 3401 latius
663 3336 805 3419 patent,
840 3324 981 3420 longius
1011 3323 1094 3399 inde
1125 3324 1402 3422 progrediamur.

289 3441 445 3517 Primum
460 3462 544 3535 ergo
558 3440 603 3516 de
625 3437 781 3517 infinito.
1226 3452 1228 3457 “
1365 3452 1367 3457 ’

338 3663 429 3732 Sunt
447 3657 608 3753 quinque
626 3655 825 3753 praesertim
840 3656 894 3747 (2)
910 3677 950 3726 ex
966 3653 1099 3749 quibus
1114 3655 1252 3753 aliquid
1266 3678 1341 3730 esse
1358 3658 1405 3729 in·

274 3774 432 3847 <finitum
459 3769 645 3845 ereditur:
674 3783 814 3866 tempus
836 3768 934 3842 enim
961 3790 1038 3842 esse
1056 3769 1201 3863 allqoorl
1229 3771 1404 3844 inlinitum

328 4096 366 4170 (ll
385 4095 447 4153 Lib.
460 4095 521 4166 ΙΙΙ,
535 4113 596 4171 cap.
607 4095 639 4164 lt,
652 4095 672 4153 l.
682 4093 746 4152 203.

329 4186 367 4263 (2)
387 4185 450 4246 Lib.
465 4185 528 4262 ΙΙΙ,
539 4183 646 4260 capla,
659 4185 679 4243 l.
692 4184 756 4244 203.
