3025 4975
552 459 556 464 ’
677 459 838 518 -38-

197 631 296 694 mus,
317 606 413 705 qued
428 608 501 703 jam
515 621 596 681 ante
610 620 663 682 est
677 605 921 703 disputatum,
940 605 1117 709 quidquid
1139 620 1317 697 movetur,
1393 665 1398 670 .

199 747 259 796 seu
280 737 405 819 sponte
423 722 457 795 id
476 723 554 812 fiet,
576 745 638 795 seu
660 723 767 817 pulsu
785 722 904 818 aliquo
921 736 1092 807 externo,
1118 744 1180 794 seu
1198 734 1322 794 contra

200 853 384 923 naturum,
404 861 465 909 seu
487 836 523 907 in
542 836 670 910 ordine
688 852 842 928 naturae,
858 836 979 931 aliqua
999 858 1103 908 cause
1116 835 1231 908 ciente
1245 857 1324 907 mo-

202 953 288 1024 veri.
316 953 355 1024 ld
372 966 490 1024 autem
506 950 602 1043 quod
617 954 815 1042 moretm),
829 963 889 1022 aut
905 963 1020 1023 movet
1032 973 1096 1044 per
1108 974 1157 1037 se,
1175 964 1236 1023 aut
1249 972 1326 1021 mo·

199 1079 255 1139 rel
279 1064 365 1138 dum
384 1078 561 1153 movetur,
584 1088 656 1160 quc
670 1063 776 1137 modo
795 1064 960 1137 baculum
978 1061 1135 1160 impellit.
1146 1063 1321 1161 lapidem,

202 1181 287 1253 dum
305 1193 421 1252 morel
433 1178 550 1274 ipsum
569 1185 708 1266 manus,
725 1202 806 1275 quae
820 1177 965 1275 quidem
978 1177 1023 1251 ab
1038 1179 1183 1253 homine
1196 1180 1323 1251 cietur.

202 1295 271 1367 Sed
291 1294 461 1389 quonlam
481 1294 634 1367 inomni
654 1309 752 1367 motu
776 1305 916 1390 oportet
939 1294 988 1367 sit
1010 1278 1149 1390 aliquid
1172 1293 1325 1389 primum

205 1414 301 1512 quod
315 1439 379 1511 per
396 1440 433 1488 se
454 1432 609 1500 moveat,
630 1419 763 1489 nedum
781 1415 918 1512 possint
931 1418 1052 1490 omnie
1064 1418 1172 1489 simul
1187 1437 1326 1490 movere

205 1545 241 1602 et
265 1531 415 1621 moueri3
448 1532 484 1602 id
501 1545 620 1603 autem
637 1533 734 1627 quud
752 1544 868 1605 movet
888 1556 951 1626 per
968 1555 1005 1605 se
1023 1544 1060 1605 et
1079 1555 1151 1603 non
1169 1545 1246 1627 eget
1261 1531 1330 1604 alio

207 1659 246 1718 ut
260 1657 395 1717 moueat
411 1661 527 1717 eausae
544 1646 663 1740 polius
682 1663 800 1740 parles
817 1669 920 1743 egere
938 1647 1089 1737 ridetur,
1107 1647 1198 1719 hanc
1216 1645 1332 1743 potis-

210 1762 337 1836 simum
357 1783 500 1833 causam
517 1783 597 1854 quae
614 1777 728 1834 movet
741 1784 805 1856 per
822 1785 860 1836 se
877 1777 913 1836 ει
929 1763 961 1836 ri
984 1765 1135 1859 quadam
1154 1759 1259 1836 insita
1278 1759 1333 1834 de·

209 1889 265 1949 cet
280 1875 477 1970 requirere.
1222 1867 1224 1870 ’

259 2007 340 2088 Tric
366 2029 483 2089 autem
508 2017 544 2088 in
573 2040 700 2112 genera
728 2017 782 2111 (2)
808 2017 967 2091 recidere
997 2015 1133 2090 videtur
1158 2016 1335 2118 quidquid

211 2134 375 2207 sensibus
394 2134 523 2207 nostris
543 2147 595 2206 est
619 2134 815 2207 olmoxium
838 2161 846 2205 ε
871 2134 968 2232 quud
989 2148 1123 2220 movet,
1146 2137 1242 2230 quod
1260 2157 1337 2226 mo·

212 2262 327 2334 vetur,
344 2249 513 2344 quodque
529 2248 565 2318 in
582 2247 698 2322 medic
715 2250 903 2344 utriusque
916 2264 990 2336 est,
1012 2261 1059 2340 ¹ul
1075 2262 1159 2348 puta
1171 2247 1338 2322 baculum

216 2387 288 2456 quo
309 2360 458 2455 lapidem
480 2361 709 2456 impellimus.
732 2365 770 2434 ld
791 2385 873 2433 vere
890 2357 986 2455 qued
1007 2376 1144 2436 lantum
1165 2375 1337 2449 movetur,

218 2491 353 2548 molum
369 2499 440 2547 non
454 2476 523 2546 ciel
536 2527 547 2561 ,
561 2476 622 2550 sed
641 2477 756 2551 selum
774 2474 898 2573 recipit
910 2491 946 2550 et
960 2477 1060 2572 quasi
1074 2478 1209 2573 petitur
1220 2505 1229 2571 3
1241 2476 1340 2574 'quod

219 2590 256 2662 in
278 2589 394 2662 medie
413 2603 486 2680 est,
505 2590 610 2681 simul
626 2607 786 2665 movetur
801 2607 837 2665 ει
856 2604 990 2683 mevet3
1012 2590 1106 2688 qued
1123 2617 1186 2696 per
1205 2616 1242 2669 se
1262 2590 1342 2669 mb-

221 2720 297 2778 tum
313 2705 441 2789 ellicit,
472 2720 648 2799 quatenus
663 2706 700 2779 id
722 2707 795 2800 egit
820 2721 943 2779 manet
963 2707 1162 2793 immotum.
1182 2713 1286 2796 Nam,
1312 2707 1343 2783 si

221 2819 434 2921 movebitur,
453 2822 520 2893 erit
538 2835 578 2894 ul
592 2836 773 2893 moveatur
788 2820 991 2895 siveeodem
1009 2838 1106 2895 melu
1126 2846 1197 2923 quo
1214 2839 1343 2910 morel,

221 2936 295 3008 siue
312 2935 401 3026 alio,
419 2936 449 3007 si
470 2938 605 3024 eodem,
626 2934 761 3009 discere
780 2952 816 3009 el
834 2939 972 3025 docere,
990 2937 1167 3010 aedificare
1180 2952 1216 3011 et
1231 2936 1345 3012 aedifi-

224 3052 296 3125 cari
314 3075 426 3121 unum
440 3065 474 3122 el
488 3052 605 3143 idem3
628 3053 656 3123 si
671 3052 760 3142 elio,
780 3053 948 3125 iaciamus
968 3056 1087 3151 augeri
1106 3070 1167 3129 aul
1183 3054 1347 3129 imminui

223 3165 260 3237 id
279 3163 375 3260 quod
392 3166 496 3237 aliam
518 3189 591 3236 rem
606 3165 775 3239 immutat
790 3181 851 3240 aut
864 3169 942 3240 loeo
960 3160 1094 3260 mouet3
1114 3193 1195 3241 cum
1211 3193 1291 3243 vero
1309 3171 1351 3242 li·

226 3282 300 3353 nita
325 3281 395 3352 sim
418 3282 616 3357 motionum
644 3306 792 3378 genera,
818 3281 861 3357 ad
885 3282 1049 3355 eumdem
1075 3283 1194 3357 statim
1212 3303 1349 3361 molum

227 3398 443 3487 recidemus,
476 3416 511 3473 et
538 3400 604 3473 erit
622 3415 662 3471 ut
679 3402 803 3472 eodem
824 3394 922 3472 motu
943 3412 1079 3470 moveat
1100 3410 1134 3469 el
1155 3413 1351 3475 moueatur.

225 3520 373 3607 Necesse
401 3528 453 3586 εει
479 3515 588 3609 igitur
614 3527 750 3586 moveat
775 3513 1025 3585 ut.imm0lum
1045 3512 1142 3606 qued
1176 3536 1214 3584 se
1236 3513 1353 3607 ipsum

229 3644 363 3716 murel,
385 3639 420 3699 et
439 3628 476 3698 in
493 3651 535 3700 eo
551 3628 595 3703 sit
609 3629 692 3703 hinc
712 3628 848 3724 aliquid
863 3627 958 3721 quod
972 3640 1128 3721 moveat,
1146 3626 1246 3703 illinc
1258 3629 1354 3727 quod

231 3758 424 3832 moveatur,
444 3740 515 3816 due
535 3743 693 3832 diversa,
717 3766 798 3814 nam
818 3741 897 3813 fieri
919 3763 990 3813 non
1009 3756 1124 3836 polest
1147 3756 1184 3814 ut
1206 3741 1355 3837 singulae

267 4003 305 4075 (1)
325 4003 388 4058 Lib.
400 4002 487 4070 Vlll,
504 4019 567 4076 cap.
578 4005 613 4073 5,
628 4005 648 4059 l.
660 4004 724 4061 256.

269 4092 309 4165 (2)
327 4091 389 4148 Lib.
407 4091 490 4157 Vlll‚
504 4109 565 4167 cup.
579 4094 613 4165 5,
627 4095 645 4149 l.
659 4092 712 4151 257
721 4135 729 4165 ,
741 4094 806 4152 258.
