3025 4975
683 468 722 480 ..
742 435 762 495 7
782 469 821 482 -

96 632 102 641 .
193 555 208 611 ἶ
224 591 227 598 ’
242 565 1145 665 tiliateroratiorre(t)principianonphiraduohus.
1161 575 1209 642 Ea
1217 571 1314 646 enim

192 700 245 762 est
258 688 318 759 iiia
337 689 442 761 modo
462 684 603 759 laudata
622 684 837 774 substantia,
860 698 900 755 ut
919 706 992 755 non
1011 686 1116 756 modo
1135 686 1316 781 propriam

191 804 348 907 aliquam
370 810 507 882 ⁴haheat
539 808 693 880 sormam
719 819 754 880 et
775 820 955 897 naturam,
979 805 1041 880 sed
1061 809 1189 881 multas
1208 809 1315 882 etiam

191 937 318 1022 capere
335 924 447 1021 possit
461 925 593 996 formas
613 939 648 996 et
667 925 798 1019 figuras
817 921 973 1018 quas„si
986 922 1166 1016 deficiant,
1182 924 1318 1019 appetit

191 1065 227 1121 et
245 1050 314 1122 sihi
333 1046 588 1131 accommodat.
603 1053 737 1142 Nempe
753 1047 799 1119 ob
813 1070 891 1118 eam
910 1046 1024 1141 ipsam
1042 1029 1182 1118 causam
1200 1033 1320 1120 morc4

191 1185 251 1246 tur
277 1186 385 1268 atque
403 1171 624 1260 immutatur,
645 1169 730 1265 quia
749 1168 913 1263 quaedam
935 1169 987 1241 illi
1011 1171 1141 1246 desunt
1163 1166 1318 1267 quorum

108 1282 109 1285 ’
191 1309 299 1382 capax
316 1299 390 1371 est,
408 1301 457 1373 et,
478 1301 518 1358 ut
536 1284 760 1358 aristotelica
785 1283 927 1356 dicendi
953 1284 1211 1358 consuetudine
1239 1301 1318 1359 uta-

189 1425 285 1489 mur,
315 1399 360 1474 ad
383 1401 532 1473 sormam
547 1400 664 1494 pergit
685 1412 895 1494 certumque
913 1400 1021 1471 finem
1045 1423 1116 1472 non
1141 1413 1317 1501 quatenus

190 1500 386 1589 substantia
411 1526 482 1604 est,
505 1512 567 1587 sed
597 1521 794 1609 quatenus
813 1513 925 1587 forma
951 1513 1069 1614 aliqua
1098 1514 1231 1608 privata
1265 1529 1318 1590 est

189 1652 297 1725 quam
316 1629 461 1724 appetit.
483 1628 780 1723 Duplircmhanc
800 1628 1009 1702 substantiae
1030 1641 1191 1700 naturam
1208 1646 1244 1703 et
1264 1632 1280 1701 s
1300 1674 1316 1687 -

189 1729 279 1834 ciem
302 1743 332 1816 si
351 1768 423 1817 non
438 1744 729 1837 distinxerimus,
753 1746 814 1817 sed
834 1768 906 1817 uno
920 1757 956 1817 et
968 1725 1093 1816 eodem
1109 1746 1218 1817 verbo
1242 1763 1317 1822 tum

188 1857 430 1954 sormamjam
460 1857 658 1956 perfectam
678 1870 713 1930 et
732 1880 852 1938 revera
871 1858 1099 1948 existentem,
1138 1873 1213 1952 tum
1242 1861 1318 1934 ior·

189 1959 328 2045 marum
349 1972 500 2045 aliarum
529 1972 706 2045 deiectum
733 1990 842 2069 atque
869 1973 1078 2061 absentiam,
1100 1997 1206 2069 quam
1231 1975 1317 2054 dicit

189 2074 394 2163 Aristoteles
406 2091 643 2183 privationem,
665 2098 813 2192 στέρησιν,
826 2086 999 2182 complexi
1015 2088 1205 2188 fuerimus,
1221 2104 1316 2164 recte

188 2202 753 2300 dixerimusduoesseprineipie:
767 2201 1047 2278 substantiamet
1057 2203 1227 2297 iormam3
1244 2205 1314 2280 atio

188 2318 295 2391 modo
310 2317 380 2389 tria
398 2339 475 2390 esse
496 2342 504 2386 :
522 2316 776 2402 substantiam,
794 2316 945 2389 formam
960 2328 996 2387 et
1013 2316 1262 2413 privationem.

219 2534 221 2539 ’
235 2536 448 2623 Noninutiie
458 2526 633 2614 fuerithic
645 2554 768 2613 notare
781 2530 870 2646 quid
882 2539 1023 2615 intersit
1038 2541 1310 2645 intereamphy-

187 2656 270 2728 sicis
284 2658 585 2730 accommodatam
600 2657 776 2729 rationem
798 2670 832 2727 et
855 2679 935 2749 quae
958 2657 995 2729 in
1014 2658 1314 2755 universumpec-

187 2760 282 2844 satur
292 2763 590 2845 aliasAristoteles
601 2770 646 2845 de
660 2770 862 2865 principiis.
876 2778 915 2843 ln
930 2773 1183 2873 metaphysicis
1199 2776 1312 2874 enim,

188 2888 259 2960 duo
276 2901 497 2961 tautumessc
506 2885 682 2993 principia
692 2885 817 2959 statuit
832 2912 840 2957 z
857 2886 941 2957 hinc
959 2886 1104 2987 quidem
1114 2872 1312 2989 materiam,

184 3011 269 3088 ὕλην,
282 3000 498 3075 sormaoruni
513 3013 547 3072 et
557 2999 683 3072 affeetu
699 2999 916 3086 destitutam,
930 3023 1051 3097 quam,
1062 3003 1312 3101 quumformas

185 3112 296 3213 possit
326 3100 475 3191 induere
501 3138 646 3203 emeca,
680 3114 771 3187 nulii
802 3128 917 3215 tamen
943 3115 990 3206 sit
1020 3119 1308 3209 accommodata,

185 3230 317 3331 Δύναμιν
331 3229 504 3324 appellat,
530 3251 664 3300 meram
679 3228 1030 3330 videlicetpotentiom
1041 3257 1052 3322 3
1062 3228 1175 3302 ¹iilinc
1191 3245 1311 3313 autern

186 3348 335 3420 sormam
357 3345 573 3440 perfectam,
596 3366 724 3443 nempe
750 3359 873 3432 cetum,
897 3352 1086 3441 ἐντελέχειαν.
1109 3345 1179 3416 Sed
1197 3369 1310 3440 quum

186 3482 360 3557 nusquam
380 3460 416 3535 in
429 3446 585 3563 physicis
599 3464 764 3554 appareat
775 3482 827 3549 ea,
845 3470 974 3556 Δνννίμει
992 3459 1085 3559 οἶνον,
1102 3450 1261 3557 materia,
1274 3475 1311 3539 at

186 3590 309 3646 contra
330 3562 616 3679 deprehendatur
648 3573 686 3644 in
709 3573 877 3644 omnibus
900 3571 1079 3669 quoddam
1109 3574 1313 3673 subjectum

187 3682 295 3759 certis
309 3685 499 3780 praeditum
517 3685 727 3777 virtutihus,
747 3684 824 3755 aliis
835 3684 1044 3756 destitutum
1057 3707 1145 3776 quas
1161 3686 1307 3779 appetit,

186 3801 347 3875 dissolvit
359 3807 447 3873 duas
462 3799 500 3871 in
513 3812 632 3894 partes
646 3799 714 3871 hoc
730 3800 931 3890 subjectum
941 3797 1159 3886 Aristoteles,
1177 3799 1309 3894 ipsam*-

185 4049 188 4055 '
224 4069 264 4140 (1)
281 4066 342 4125 ua.
356 4067 389 4136 1,
404 4080 466 4138 cap.
480 4066 516 4133 o,
532 4065 551 4121 r.
568 4063 630 4123 raa.
