3025 4975
471 471 523 544 s'
597 470 754 536 -tn-

110 641 250 700 naturae
269 625 359 699 viam
380 640 610 699 monstratam
632 627 760 714 fuisse,
782 626 837 698 rix
854 626 892 699 in
915 640 1094 701 certamen
1109 627 1258 728 adduci

108 753 239 835 potest.
259 748 346 812 Nam
371 741 506 813 nemini
524 729 607 814 ante
633 766 730 814 curae
748 755 823 814 erat
841 740 974 837 quibus
991 765 1033 815 ex
1050 743 1240 837 principiis
1313 787 1319 798 ι

110 856 261 929 scientia
279 869 475 943 constaret,
496 879 604 952 quam
631 856 804 929 rationem
832 867 867 928 et
891 855 984 928 viam
1006 870 1241 952 sequeretur,
1353 857 1358 865 ’

110 994 221 1067 quem
247 970 314 1043 sibi
345 972 452 1043 finem
478 972 705 1067 propositum
724 972 889 1065 haberet3
920 973 980 1045 sed
1000 972 1163 1068 plerique
1190 984 1243 1045 te·

112 1110 210 1159 mere
229 1100 264 1160 et
286 1086 421 1159 insulse
446 1086 623 1183 quidquid
654 1100 861 1160 occurreret
880 1100 1074 1175 tentantes,
1100 1071 1245 1182 conjec-

112 1213 194 1273 tura
210 1200 451 1297 potiusquam
474 1215 550 1275 arte
572 1203 735 1300 peritiam
761 1201 1240 1297 rerumcomplectebantur3

119 1338 202 1388 eum
218 1300 277 1386 ille
296 1328 420 1387 contra
433 1316 534 1411 quasi
552 1313 1001 1408 fundamentadisciplinae
1021 1315 1108 1387 scite
1127 1325 1163 1386 et
1180 1337 1244 1408 pe·

119 1427 188 1499 rite
202 1427 330 1522 jaciat,
361 1443 605 1523 proponatque
619 1427 798 1524 principia
816 1441 851 1500 et
870 1427 1026 1500 rationes
1043 1427 1176 1522 quibus
1192 1435 1246 1501 to-

4 1551 6 1556 '
120 1555 179 1614 tus
198 1542 287 1612 ordo
304 1541 793 1640 disputationisiliustretur:
814 1541 862 1614 ita
876 1544 915 1613 tit
927 1555 987 1631 ut,
1007 1541 1110 1613 ctiam
1132 1541 1161 1614 si
1179 1541 1247 1613 ali-

123 1653 267 1751 quando
293 1678 312 1726 a
338 1652 512 1728 destinato
538 1658 697 1746 aberret,
726 1659 816 1730 bene
843 1670 878 1729 et
904 1657 1099 1751 composite
1127 1670 1246 1729 tamen

121 1771 274 1867 singulae
293 1772 466 1845 doctrinae
486 1787 605 1866 partes
631 1772 725 1845 inter
742 1797 780 1846 se
794 1785 1009 1868 congruant,
1027 1774 1246 1868 proprioque

123 1889 161 1959 in
185 1890 262 1960 loco
278 1886 524 1959 etclarissima
545 1887 581 1957 in
603 1888 926 1979 lueeeoiiocentur.
1024 1949 1028 1957 .

173 2037 271 2107 Plato
289 2050 406 2107 autem
420 2036 482 2131 qui
501 2038 639 2130 primns
657 2039 701 2112 ad
715 2021 829 2111 certas
844 2027 1000 2110 rationes
1009 2035 1120 2108 varias
1134 2036 1246 2107 seien-

123 2149 184 2221 tiae
211 2164 329 2244 partes
347 2150 479 2221 referre
496 2163 550 2223 est
580 2154 786 2247 adgressus,
806 2153 1017 2247 primusque
1051 2152 1179 2223 seriam
1203 2152 1247 2224 de

122 2263 309 2358 principiis
327 2265 484 2337 instituit
500 2261 853 2356 commentationem,
872 2269 974 2362 longe
990 2268 1033 2339 ab
1048 2267 1247 2339 Aristotelis

121 2378 276 2451 deflectit
293 2380 482 2452 sententia.
513 2386 600 2453 Nam
619 2407 731 2479 quum
752 2382 936 2455 scientiam
959 2406 1001 2454 ex
1018 2386 1164 2455 idearum
1183 2367 1246 2475 po-

122 2495 194 2567 tius
224 2518 468 2592 generumque
501 2497 630 2570 notitia
670 2522 777 2592 quam
803 2523 845 2570 err
871 2500 1093 2594 singularum
1126 2521 1247 2570 rerum

124 2611 413 2683 consideratione
431 2625 593 2683 constare
611 2626 773 2701 censeat,
790 2626 991 2706 cunctaque
1006 2635 1046 2683 ex
1062 2612 1138 2685 istis
1159 2612 1248 2687 ideis
1358 2701 1363 2714 .

123 2725 226 2802 iaciat
243 2725 413 2810 derivari,
433 2738 468 2796 et
487 2727 576 2798 nihii
597 2727 685 2799 citra
704 2726 781 2799 iilas
799 2723 881 2796 velit
897 2749 973 2798 esse
999 2726 1196 2820 perfectum
1211 2738 1246 2797 et

124 2841 214 2910 bene
228 2839 438 2926 definitum,
455 2829 618 2912 naturam
632 2842 744 2934 ipsam
759 2841 930 2912 inferiore
949 2840 986 2929 in
1002 2840 1110 2936 gradu
1130 2840 1244 2935 ponit,

123 2953 359 3055 ordinemque
381 2968 416 3025 et
433 2960 561 3027 Bonum
576 2954 612 3024 in
630 2955 720 3028 ideis
734 2954 851 3049 potins
866 2976 972 3048 quam
994 2957 1029 3024 in
1045 2954 1150 3026 rebus
1161 2956 1250 3050 phy-

89 3062 94 3067 *
124 3069 209 3140 sicis
230 3068 396 3163 requirit.
420 3069 537 3142 Primo
555 3069 649 3142 enim
662 3069 799 3164 impetu
814 3070 858 3141 ad
877 3092 1017 3140 summa
1036 3074 1155 3141 rerum
1177 3068 1250 3141 sas-

124 3181 210 3277 tigia
240 3193 380 3254 evectus
406 3182 524 3277 pluris
542 3207 619 3256 esse
640 3183 835 3263 arbitratur
854 3182 884 3254 si
904 3183 1102 3278 perceperit
1118 3205 1247 3277 genera

125 3300 256 3392 quibus
274 3286 412 3392 singula
431 3297 660 3370 continentur
684 3320 791 3392 quam
819 3297 846 3368 si
874 3297 911 3367 in
930 3298 1022 3367 tiuxa
1040 3296 1246 3368 individuo·

126 3435 206 3485 rum
226 3411 454 3484 multitudine
474 3414 697 3484 immoretur.
719 3402 769 3484 Eo
790 3408 897 3507 igitur
916 3410 1120 3504 discrepant
1149 3409 1246 3506 quod

125 3531 182 3602 hie
196 3528 326 3600 versari
342 3528 379 3598 in
390 3527 572 3599 communi
588 3549 759 3623 generum
774 3526 897 3597 notitia
917 3536 1035 3597 censet
1048 3524 1245 3612 scientiam,

128 3643 188 3715 ilie
222 3657 345 3717 contra
376 3645 590 3715 sumendum
616 3641 761 3736 quidem
793 3664 869 3713 esse
897 3639 979 3713 inde
1008 3639 1244 3734 principium,

127 3757 359 3852 conferreque
374 3755 418 3829 ad
433 3740 673 3852 cognitionem
688 3757 716 3829 si
731 3779 858 3851 genera
885 3756 952 3827 ista
966 3769 1100 3845 teneas3
1120 3774 1191 3823 non
1208 3751 1247 3821 in

130 3873 184 3943 his
203 3885 320 3943 tamen
341 3870 662 3966 requiescendum,
683 3871 745 3942 sed
760 3866 999 3943 accedendum
1026 3890 1102 3939 esse
1118 3863 1163 3937 ad
1187 3887 1245 3937 res

128 3985 285 4082 singulas
300 3997 335 4057 et
348 4007 463 4082 usque
478 3984 522 4057 ad
541 3985 735 4058 individua.
758 3989 836 4056 Uno
852 3981 1092 4072 verbopalter
1106 3978 1248 4073 poetice
