3025 4975
211 577 282 653 que
299 552 535 648 privationem
555 565 594 625 ut
606 549 825 646 principium
849 547 995 646 aliquod
1016 543 1189 619 dissimile
1207 544 1330 639 sejun-

113 647 125 668 ⁶
210 670 627 767 gitasubstantia.Quam
637 663 894 762 principiorum
905 659 1331 748 adumbrationemevero

210 809 288 862 esse
301 806 501 882 expressam
518 804 560 852 ex
577 803 620 853 eo
637 780 826 853 confirmat
840 779 937 873 qnod
951 776 1114 850 tenebras
1127 798 1252 849 omnes
1273 796 1334 848 na·

211 913 301 974 turae
318 895 484 983 discutit,
501 890 1146 989 divellitqueomnesphilosophorum
1161 888 1330 985 argutias,

212 1018 250 1090 in
264 1010 388 1109 primis
404 1008 653 1081 Eleaticornm.

260 1203 309 1271 Ex
340 1219 412 1292 quo
435 1194 599 1291 sequitur
614 1192 687 1290 (l),
709 1191 739 1265 si
760 1206 897 1266 naturae
915 1179 1008 1292 leges
1022 1208 1145 1267 tenere
1161 1195 1331 1281 velimus,

211 1312 393 1386 incoasse
412 1307 665 1384 elaborandum
681 1323 721 1379 nt
742 1307 900 1401 primum
920 1294 1084 1405 quaenam
1100 1309 1146 1381 sit
1159 1309 1333 1404 cujusque

213 1426 357 1498 materia
384 1438 586 1510 teneamus,
625 1421 712 1518 quid
743 1420 781 1491 in
811 1443 849 1493 ea
871 1422 1017 1494 materia
1036 1407 1195 1505 deficiat,
1226 1444 1332 1519 quam

212 1555 353 1637 appetat
372 1541 534 1613 sormam.
557 1544 612 1612 'Ne
631 1552 749 1611 tamen
774 1538 929 1630 fructum
952 1563 1069 1635 operae
1087 1564 1230 1614 omnem
1248 1564 1335 1638 per·

213 1654 347 1749 cepisse
372 1653 604 1746 arbitremur,
632 1653 662 1724 si
688 1651 892 1724 summatim
917 1653 1034 1746 qualia
1062 1652 1133 1725 sint
1154 1677 1194 1725 ea
1214 1676 1337 1727 rernm

212 1768 390 1865 principia
401 1767 665 1862 collegerimus,
683 1789 755 1838 non
770 1779 824 1839 est
835 1766 930 1838 enim
944 1767 1063 1859 aliqua
1074 1768 1338 1841 universasub·

214 1882 354 1972 stantia,
369 1904 439 1954 una
449 1897 483 1955 et
491 1883 611 1954 eadem
624 1881 660 1952 in
675 1881 857 1970 omnibus,
874 1903 916 1951 ex
930 1904 1000 1976 qua
1015 1881 1152 1977 singula
1159 1882 1332 1976 orientum

215 2020 278 2072 sna
293 2020 374 2069 vero
388 1996 521 2091 cuique
531 1995 676 2091 propria
686 1995 846 2083 materia,
863 2017 926 2067 sua
936 1996 1050 2068 lorma
1064 2009 1137 2090 est,
1152 2018 1234 2068 nam
1247 1996 1337 2069 nihil

215 2131 405 2186 commune
426 2109 507 2183 lecit
521 2126 668 2200 natura,
691 2110 752 2182 sed
770 2101 945 2205 singulam
965 2110 1114 2206 singulis
1137 2110 1235 2184 dedit
1249 2110 1338 2184 sub·

215 2227 401 2312 stantiam,
420 2225 531 2300 varias
555 2223 681 2296 tribuit
700 2222 853 2318 species,
887 2223 1003 2295 varios
1023 2224 1066 2296 ad
1092 2226 1181 2297 lines
1199 2246 1339 2299 accom-

217 2340 385 2418 modarit.
414 2337 514 2412 Hanc
545 2340 672 2411 ducem
704 2351 739 2409 et
767 2336 971 2432 magistram
1001 2339 1200 2412 secutinon
1221 2342 1338 2437 magni

216 2454 491 2540 aestimabimus,
512 2465 599 2526 teste
618 2451 830 2540 Aristotele,
854 2453 945 2525 hano
972 2453 1158 2528 scientiam
1177 2479 1219 2529 ex
1236 2479 1340 2552 gene·

217 2597 298 2648 rum
319 2569 443 2644 notitia
462 2568 669 2657 conflatam,
707 2590 788 2662 quae
815 2590 938 2662 parum
963 2568 1007 2641 ab
1021 2569 1219 2664 ignorantia
1245 2572 1340 2667 vulgi

217 2686 414 2779 discrepat3
446 2696 554 2756 totam
580 2702 662 2753 vero
686 2703 830 2775 operam
848 2681 902 2772 (ι)
921 2681 965 2753 ad
991 2683 1257 2779 percipiendam
1274 2710 1339 2761 cn-

213 2796 410 2895 jusquerei
430 2813 592 2869 naturam
615 2794 854 2868 censeremus.
884 2800 928 2867 Ut
950 2795 1047 2867 enim
1065 2799 1209 2891 prodest
1223 2814 1340 2876 struo·

219 2911 288 2984 tori
315 2909 445 2985 aedium
465 2933 536 2983 non
557 2910 662 2983 modo
680 2908 819 2982 novisse
833 2909 992 3004 lapidum
1013 2914 1285 3012 tegularumque
1307 2936 1342 3009 ct

217 3024 398 3120 tignorum
422 3023 623 3111 materiam,
646 3023 778 3117 quibus
796 3023 834 3093 in
854 3022 1062 3098 aedificanda
1076 3029 1181 3102 domo
1199 3043 1337 3125 utatur,

217 3161 339 3212 rerum
369 3136 474 3210 etiam
488 3136 574 3232 quid
590 3159 631 3208 ex
656 3136 728 3207 illis
750 3136 827 3209 fiori
849 3137 979 3232 possit,
994 3164 1099 3236 quam
1120 3144 1163 3215 ad
1189 3144 1340 3223 sormam

218 3254 278 3328 illa
296 3251 560 3327 accommodare
587 3251 622 3325 in
641 3251 762 3325 animo
776 3253 921 3343 habeat,
953 3254 1005 3328 sio
1023 3255 1117 3331 fidus
1130 3278 1266 3335 naturae
1284 3263 1341 3337 in-

219 3384 356 3463 terpres
368 3372 555 3463 postquam
582 3367 799 3441 intellexerit
814 3392 979 3463 quaenam
993 3371 1040 3444 sit
1057 3374 1343 3477 uniuscujusque

219 3480 364 3555 materia
380 3478 495 3576 prima
511 3479 548 3551 in
571 3480 626 3555 his
644 3503 725 3577 quae
745 3495 871 3555 natura
894 3484 1106 3580 gignuntur,
1123 3489 1153 3560 si
1171 3511 1343 3590 percepc-

220 3595 268 3670 rit
280 3593 386 3670 etiarn
399 3616 507 3690 quam
522 3592 566 3670 ad
579 3594 727 3668 sormam
739 3596 879 3692 singula
894 3605 1219 3696 accommodentur,
1232 3631 1340 3705 quern

17 3984 25 4011 ι
254 3950 295 4023 (l)
312 3950 379 4010 Lib.
394 3950 424 4022 1,
439 3964 500 4025 orp.
513 3951 549 4022 9,
562 3951 584 4010 l.
602 3950 669 4019 lta,
682 3959 710 4012 et
722 3969 796 4033 pass·

19 4076 28 4147 ,Ψ
105 4130 111 4139 ¹
255 4039 296 4114 (ι)
315 4035 664 4114 tio.11,cap.t‚tta5.
