3025 4975
772 505 950 604 -1o·-'

287 683 387 786 prius
404 689 449 762 ad
464 713 571 786 quem
587 705 713 763 natura
730 692 913 782 feruntur,
935 713 1079 763 sursum
1094 701 1218 765 versus
1231 689 1320 780 alia,
1341 689 1419 764 alia

287 804 476 894 deorsum3
498 827 609 901 quum
630 818 748 878 autem
767 805 855 877 nihil
872 804 970 879 sitin
986 804 1129 879 infinito
1147 809 1244 902 quod
1262 825 1413 878 sursum

285 932 348 993 aut
364 921 530 992 deorsum
558 920 715 1007 dicatur,
734 941 800 993 nec
826 918 958 992 moveri
976 936 1123 1013 possent
1135 919 1171 993 in
1187 921 1253 994 isto
1267 917 1415 991 infinito

286 1054 457 1129 corpora,
494 1056 559 1107 nec
578 1032 781 1129 quiescere.

277 1314 281 1320 ·
337 1273 511 1357 Quoniam
526 1272 633 1369 igitur
650 1271 789 1346 finitum
802 1287 856 1347 est
867 1294 997 1369 corpus
1011 1273 1089 1371 (l),
1108 1273 1201 1346 nihil
1218 1273 1323 1369 plane
1338 1273 1413 1345 tota

289 1389 328 1460 in
359 1401 485 1464 natura
510 1387 691 1460 infinitum
712 1409 790 1460 esse
815 1401 929 1483 potest
947 1415 955 1459 ε
973 1389 1087 1461 Finita
1116 1388 1213 1463 enim
1237 1410 1314 1462 esse
1338 1387 1415 1460 ele-

289 1520 406 1576 menta
418 1525 610 1597 corporum
623 1525 767 1575 necesse
781 1516 853 1588 est,
868 1527 981 1599 quum
996 1501 1136 1576 nullum
1153 1503 1198 1577 sit
1215 1504 1323 1576 linitae
1339 1526 1414 1576 ma·

288 1616 482 1712 gnitudinis
491 1616 706 1689 elementum
717 1617 899 1712 infinitum
910 1643 919 1707 ;
931 1619 1203 1692 finitumeodem
1217 1631 1321 1715 pacto
1333 1617 1417 1713 spa-'

288 1734 377 1826 tium
389 1733 426 1803 in
444 1755 517 1828 quo
531 1755 680 1829 corpora
693 1746 896 1821 mouentum
915 1735 1071 1829 spatium
1088 1734 1184 1807 enim
1199 1748 1333 1809 nonest
1343 1756 1412 1828 per

288 1872 325 1921 se
336 1846 484 1943 aliquid,
498 1865 617 1942 neque
629 1847 864 1943 sejungitura
879 1850 1104 1945 corporibus,
1120 1849 1183 1925 sed
1196 1851 1337 1923 eosdem
1347 1849 1412 1932 ha·

286 1965 346 2036 bet
359 1960 544 2046 termium,
562 1962 693 2035 finibus
705 1960 840 2035 eisdem
857 1965 1074 2037 continetur.

338 2190 455 2270 Quum
477 2179 588 2278 igitur
607 2182 741 2277 placeat
765 2181 948 2256 Aristoteli
967 2182 1004 2255 in
1027 2204 1140 2256 unum
1158 2185 1355 2258 coalescere
1375 2202 1414 2259 et

286 2298 458 2378 conlundi
474 2321 604 2392 eorpus
623 2309 659 2368 et
678 2296 855 2392 spatium,
887 2297 976 2368 nihil
1001 2310 1119 2368 autem
1138 2297 1235 2371 aliud
1255 2300 1412 2393 supersit

287 2416 384 2510 quod
406 2415 546 2486 dicatur
563 2435 629 2507 per
655 2434 693 2483 se
715 2425 749 2483 et
768 2420 931 2509 ἐντελεχείᾳ
953 2412 1162 2501 infinitum,
1189 2414 1351 2509 sequitur
1371 2427 1413 2488 ut

288 2529 385 2600 nulla
400 2525 546 2628 omnino
568 2526 616 2598 sit
637 2527 703 2599 ista
722 2527 863 2601 laudata
882 2550 901 2600 a
923 2526 1078 2623 physicis
1099 2527 1274 2616 infinitas,
1293 2546 1353 2603 aut
1372 2531 1412 2603 in

287 2665 407 2716 rerum
434 2641 555 2735 aliquo
576 2642 701 2714 habitu
720 2658 754 2715 et
775 2650 831 2730 ἕξει
848 2656 1007 2716 versetur
1030 2645 1096 2738 (2).
1121 2648 1254 2737 Nempe
1277 2644 1412 2718 dicitur

286 2757 426 2830 infinita
451 2778 528 2828 esse
552 2756 760 2851 magnitudo
781 2781 822 2831 eo
840 2758 936 2853 quod
961 2780 1102 2851 semper
1122 2781 1163 2830 ex
1191 2758 1249 2829 illa
1274 2758 1411 2830 detrahi

287 2871 426 2968 aliquid
453 2884 585 2966 potest,
618 2875 862 2970 semper-addi
893 2872 1051 2970 aliquid,
1079 2897 1150 2944 non
1173 2873 1219 2958 ita
1236 2887 1353 2945 tamen
1370 2888 1411 2947 ut

287 2988 492 3083 magnitudo
512 2987 610 3060 linita
632 2989 812 3083 molesque
832 2989 940 3065 totius
961 2988 1116 3065 materiae
1138 2988 1301 3061 auctione
1327 3011 1413 3060 con-

287 3103 386 3175 tinua
406 3118 634 3196 superentur.
657 3108 812 3198 Tempus
829 3107 952 3176 eodem
978 3119 1080 3199 pacto
1096 3103 1295 3192 infinitum,
1318 3126 1412 3198 quo·

287 3217 382 3288 niam
400 3215 476 3290 sine
495 3216 564 3289 fine
577 3216 744 3290 elabitur.
763 3222 908 3290 Constat
921 3218 1019 3290 euim
1036 3218 1246 3312 intempore
1262 3231 1295 3290 et
1311 3229 1409 3290 motu

286 3332 444 3405 infinitas
460 3354 502 3403 cx
522 3332 693 3405 continua
718 3327 940 3406 succeseione
962 3357 1102 3426 rerum,
1122 3333 1220 3403 finita
1241 3332 1406 3428 quidem,

286 3448 349 3520 sed
363 3470 443 3542 quae
459 3447 538 3518 sine
551 3447 621 3518 dne
635 3446 797 3519 iteretur.
821 3453 894 3521 Hoc
914 3470 998 3542 ergo
1022 3447 1118 3543 quod
1134 3446 1316 3520 infinitum
1333 3470 1409 3519 esse

284 3561 519 3656 praedicamus
544 3561 602 3659 (3)
624 3576 678 3661 est
701 3563 840 3633 <fluxum
862 3576 897 3634 et
913 3560 1226 3634 indeterminatum
1251 3561 1404 3657 aliquid,

232 3670 236 3677 ’
287 3676 385 3751 nulla
411 3676 558 3773 propria
577 3688 722 3765 natura,
751 3677 849 3749 nulla
871 3676 990 3772 specie
1009 3676 1178 3772 peculiari
1196 3676 1407 3776 praeditum,

315 4018 356 4093 (ι)
372 4017 439 4075 ιιι».
453 4017 514 4088 ιιι,
526 4033 588 4090 cap.
601 4019 635 4088 c,
652 4018 671 4074 r.
686 4017 759 4085 acc,
775 4017 840 4078 aur.
909 3976 912 3980 ’

317 4108 358 4182 (l)
377 4100 439 4164 lib.
453 4106 515 4172 111,
529 4122 590 4180 cup.
605 4106 637 4173 7,
654 4104 674 4162 l.
686 4105 749 4164 20¹1.

320 4195 362 4270 (a)
380 4195 442 4252 tn.
455 4195 516 4264 ιιι,
531 4211 592 4268 cap.
605 4195 640 4271 r,
655 4195 675 4250 r.
691 4194 754 4252 aar.
