3025 4975
1534 494 1850 552 ...50-

660 646 787 719 His
832 642 1107 741 positis,
1137 639 1502 715 videamus
1536 641 1709 736 quid
1738 642 2021 715 valeant
2049 654 2360 737 quatuor
2395 644 2512 715 illa
2545 644 2825 738 princi·

561 762 675 857 pia
703 785 784 833 ex
839 758 1108 856 quibus
1159 757 1472 850 pendere
1499 756 1740 828 omnia
1772 771 2017 829 censet
2072 756 2524 849 Aristoteles;
2568 759 2815 832 utrum

557 876 837 973 cognita
879 870 1210 955 materia,
1262 869 1674 963 formaque,
1717 870 2080 966 principio
2122 885 2358 945 motus
2398 887 2468 945 et
2495 873 2672 960 fine,
2719 873 2816 944 sit

559 992 821 1087 cuique
861 988 961 1060 rei
1011 985 1488 1073 satisfactum,
1522 1010 1611 1057 an
1660 986 1986 1081 quaedam
2028 985 2239 1059 etiam
2280 986 2813 1061 desiderentur.
2894 986 2902 992 ’

558 1103 899 1177 Nonnulli
935 1114 1170 1174 autem
1211 1101 1498 1173 fuerunt
1538 1099 1650 1172 his
1679 1099 1942 1172 nostris
1968 1101 2421 1196 temporibus⁴
2447 1101 2609 1196 qui,
2644 1125 2819 1176 auc-

556 1236 781 1294 torem
818 1216 1302 1289 Verulamium
1336 1216 1599 1304 secuti,
1642 1215 1927 1287 crimini
1947 1216 2200 1288 darent
2222 1217 2586 1288 Aristoteli
2610 1218 2810 1313 quod

558 1332 1077 1407 inextricabiles
1126 1330 1198 1402 in
1236 1329 1548 1403 rationes
1577 1330 1976 1402 induxisset
2005 1330 2416 1419 scientiam,
2453 1347 2814 1405 mentem-

559 1471 701 1545 que
725 1449 1105 1519 humanam
1129 1443 1204 1515 in
1232 1443 1412 1515 invia
1429 1444 1852 1537 conjecisset
1878 1469 1897 1534 3
1928 1468 2069 1516 non
2094 1446 2369 1539 percipi
2390 1446 2577 1517 enim
2598 1469 2810 1541 posse

557 1584 803 1637 causas
833 1558 1261 1647 effectriceS,
1297 1581 1440 1629 non
1480 1557 1847 1630 materiam
1882 1556 2170 1631 deliniri
2201 1614 2219 1645 ,
2263 1560 2533 1631 nullam
2583 1561 2807 1633 aciem

565 1676 859 1749 humani
917 1672 1196 1768 ingenii
1255 1694 1408 1744 esse
1447 1685 1712 1745 tantam
1760 1684 1838 1745 ut
1890 1674 2065 1744 sines
2122 1674 2346 1767 possit
2398 1675 2800 1771 percipere3

559 1792 802 1866 omnia
840 1812 1097 1884 nempe
1125 1790 1257 1860 ista
1293 1789 1509 1859 latere
1570 1788 1824 1861 crassis
1860 1788 2206 1859 occultata
2247 1800 2322 1860 et
2377 1789 2811 1864 circumfusa

561 1905 918 1999 tenebris3
958 1906 1091 1976 hoc
1125 1916 1402 1975 tantum
1433 1926 1589 1975 esse
1611 1902 1891 1997 reliqui,
1927 1917 2007 1974 ut
2044 1926 2273 1975 causae
2298 1905 2653 2001 cujusque
2683 1929 2809 1977 an·

555 2019 959 2095 tecedentes
994 2018 1466 2091 innotescant.
1517 2022 1691 2100 Quae
1728 2018 2075 2090 sententia
2114 2019 2359 2089 stricta
2404 2020 2624 2092 nimis
2660 2036 2732 2092 et
2766 2044 2804 2091 a

558 2159 721 2208 vero
760 2134 986 2207 aliena
1027 2133 1579 2205 videtur.·Multa
1612 2133 1801 2204 enim
1832 2146 2001 2205 sunt
2030 2132 2103 2203 in
2127 2134 2392 2228 quibus
2419 2156 2563 2205 non
2592 2133 2804 2207 modo

557 2272 805 2325 causas
857 2250 1353 2321 antecedentes
1410 2248 1537 2320 sed
1596 2248 1811 2319 etiam
1849 2248 2290 2344 propositum
2336 2249 2591 2336 finem,
2633 2250 2804 2323 inti-

557 2388 892 2459 mamquc
918 2374 1244 2434 naturam
1285 2362 1592 2451 scrutari
1624 2385 1856 2456 operae
1883 2378 1989 2436 est
2021 2362 2355 2458 pretium.
2390 2369 2528 2436 Res
2550 2387 2805 2459 nempe

556 2479 871 2574 singulas
905 2500 1048 2550 non
1082 2490 1246 2548 ante
1273 2474 1481 2570 plane
1514 2473 1949 2548 intellexisse
1982 2478 2419 2552 arbitramur
2444 2501 2652 2575 quam
2688 2492 2805 2550 te—

557 2615 851 2667 neamus
897 2593 1088 2664 unde
1121 2591 1303 2680 sint,
1365 2614 1581 2687 quem
1635 2605 1957 2687 spectent
1991 2594 2080 2666 ad
2133 2595 2389 2683 finem,
2453 2618 2491 2667 e
2541 2595 2804 2690 quibus

454 2779 459 2786 ,
556 2721 918 2797 constent,
974 2728 1187 2799 quam
1241 2706 1630 2799 subjectam
1702 2707 2005 2779 habeant
2045 2708 2436 2781 materiam.
2503 2715 2592 2781 Ut
2636 2727 2805 2807 puta

500 2904 503 2908 ,
560 2822 821 2896 medici
847 2845 986 2893 non
1018 2820 1228 2893 modo
1255 2820 1549 2891 interest
1574 2842 1781 2892 nosse
1806 2822 2125 2915 corporis
2151 2824 2522 2895 materiam
2550 2826 2808 2901 situm-

559 2961 700 3033 que
738 2936 1044 3031 partium
1065 2990 1085 3023 ,
1111 2933 1233 3008 sed
1259 2934 1469 3007 etiam
1503 2951 1876 3029 penetrare
1905 2934 2119 3007 altius
2137 2950 2208 3007 et
2241 2960 2563 3030 quaerere
2578 2941 2805 3035 partis

555 3056 906 3146 cujusque
939 3074 1143 3122 usum
1179 3063 1248 3120 et
1294 3051 1510 3123 linem
1540 3103 1557 3140 ,
1593 3063 1707 3136 ut,
1739 3050 1796 3120 si
1845 3051 2133 3144 quando
2163 3053 2409 3124 morbo
2439 3054 2796 3143 laborent,

557 3178 929 3276 proprium
973 3174 1048 3245 in
1088 3175 1308 3245 situm
1346 3174 1841 3246 restituantur.
1887 3181 1986 3246 lta
2016 3176 2227 3247 etiam
2263 3179 2521 3251 mentis
2548 3180 2805 3253 huma-

559 3317 670 3366 nae
707 3291 998 3365 scientia
1054 3313 1196 3362 non
1243 3289 1318 3360 in
1367 3313 1450 3362 eo
1495 3302 1773 3361 tantum
1822 3305 2136 3363 versatur
2199 3305 2277 3362 ut
2322 3294 2549 3367 varios
2585 3295 2804 3368 animi

560 3410 850 3482 affectus
888 3405 1271 3500 percipiat,
1315 3405 1439 3477 sed
1495 3405 1849 3499 cujusque
1904 3407 2194 3480 affectus
2226 3408 2582 3481 rationem.
2604 3435 2839 3513 quae-—

562 3525 658 3596 rit
691 3536 760 3594 et
780 3522 992 3592 finem
1015 3575 1033 3608 ‚
1067 3535 1189 3606 ut,
1230 3518 1601 3613 siquando
1638 3518 1838 3592 mens
1870 3520 2204 3610 insaniat,
2238 3523 2659 3599 adhibeatur
2691 3550 2805 3600 re-

564 3635 904 3710 medium.
960 3639 1177 3705 Recte
1238 3632 1454 3726 igitur
1502 3634 1916 3707 Aristoteles
1963 3658 2047 3708 ex
2099 3637 2350 3711 finium
2409 3645 2805 3734 praesertim

563 3748 1160 3845 contemplatione
1199 3760 1525 3818 constare
1570 3748 2032 3844 physicorum
2070 3751 2428 3843 notitiam,
2469 3757 2803 3847 quoniam

566 3887 810 3939 manca
861 3878 932 3936 et
989 3859 1292 3957 quodam
1348 3865 1559 3935 modo
1610 3863 1936 3937 inchoata
1996 3877 2101 3937 est
2152 3881 2425 3938 naturae
2489 3868 2804 3962 cognitio

565 3977 885 4077 quaudiu
921 4002 1060 4049 non
1094 3979 1306 4049 finem
1335 3993 1402 4049 et
1429 3978 1862 4050 destinatum
1889 3981 2260 4076 *cujusque
2307 3982 2793 4078 percepimus;

569 4109 753 4169 recte
785 4093 992 4161 utiam
1030 4095 1338 4186 pendere
1367 4095 1673 4184 quodam
1716 4095 1922 4166 modo
1948 4116 2030 4166 ex
2066 4095 2327 4168 finibus
2357 4111 2429 4169 et
2464 4120 2599 4169 una
2638 4124 2797 4172 cum
