3025 4975
1340 596 1620 655 ...3.-

359 741 622 819 tionem
653 742 1062 823 Aristoteles
1086 745 1468 841 disposuit.
1511 750 1826 831 Quarum
1868 745 2102 839 prima
2138 747 2505 820 denatura
2534 766 2604 824 et

360 883 599 934 rerum
638 859 1052 956 principiis,
1099 862 1172 933 in
1208 862 1462 957 primis
1508 862 1993 957 physicarum.
2050 863 2189 937 Sed
2252 888 2413 936 cum
2447 866 2602 959 jam

358 987 560 1048 antea
581 988 838 1052 cuncta
861 998 1022 1071 quae
1039 974 1126 1048 ad
1146 976 1505 1072 principia
1528 978 2141 1072 spectantabunde
2160 981 2598 1073 exagitasset,

359 1092 531 1168 satis
559 1094 809 1167 habuit
828 1093 898 1167 'si
921 1096 1286 1167 decantata
1311 1092 1514 1190 prius
1536 1093 1611 1166 in
1643 1097 2168 1192 metaphysicis,
2200 1097 2413 1169 ducto
2439 1098 2605 1172 inde

359 1210 681 1304 exemplo
702 1266 722 1299 ,
751 1207 841 1283 ad
885 1208 1212 1307 physicas
1249 1192 1563 1283 rationes
1592 1211 2050 1307 detorqueret
2085 1224 2299 1306 atque
2329 1206 2609 1285 accom-

330 1324 707 1400 ·modaret.
754 1325 969 1399 Multo
1013 1325 1242 1397 fusius
1284 1348 1448 1420 quae
1483 1326 1571 1397 ad
1612 1340 1936 1399 naturam
1972 1338 2359 1425 'spectant3
2412 1330 2605 1403 verbi

360 1462 570 1515 causa
622 1465 785 1536 quae
808 1455 880 1514 et
907 1439 1143 1537 qualis
1168 1439 1288 1511 illa
1316 1439 1408 1512 sit
1443 1452 1512 1512 et
1550 1464 1856 1537 quarum
1893 1441 2187 1531 virium,
2230 1466 2607 1538 quousque

336 1558 637 1632 ‚notitiae
672 1558 999 1628 humanas
1039 1556 1537 1650 penetrabilis,
1594 1559 1856 1654 quibus
1902 1558 2139 1633 innixa
2181 1558 2607 1633 fundamen-

363 1675 493 1764 tis,
526 1674 794 1769 quibus
823 1672 1156 1745 terminis
1195 1676 1580 1764 coarctata,
1610 1674 1965 1747 undenam
1991 1675 2313 1749 oriantur
2342 1700 2503 1770 quae
2534 1676 2608 1748 in

336 1788 679 1861 -medium
716 1787 985 1883 profert
1038 1800 1286 1870 natura
1322 1784 1392 1860 et
1454 1812 1599 1884 quo
1641 1788 2127 1883 revolvantur-3
2161 1802 2331 1882 ‘quae
2370 1774 2612 1862 omnia

365 1902 779 1976 Aristoteles
831 1902 904 1973 in
950 1911 1094 1974 toto
1152 1902 1404 1977 ordine
1446 1902 1738 1998 operis,
1780 1906 1901 1977 sed
1931 1904 2312 2000 ‘copiosius
2377 1903 2611 1978 tamen

362 2018 597 2115 primo
633 2018 818 2091 libro
846 2032 916 2092 et
945 2020 1259 2092 secundo
1285 2076 1302 2109 ,
1357 2019 1747 2092 confutatis
1792 2019 2021 2116 obiter
2067 2019 2388 2121 priorum
2431 2020 2615 2115 phy-

337 2132 676 2209 -sieorum
711 2132 1080 2205 sententiis
1104 2187 1122 2222 ,
1169 2131 1579 2227 disputavit.
2043 2128 2052 2137 '

417 2387 433 2396 ‘
467 2366 638 2439 Inde
674 2380 909 2439 autem
949 2364 1296 2437 secunda}
1335 2377 1572 2460 partes
1599 2363 1922 2436 obtinent
1955 2388 2035 2436 ea
2070 2365 2417 2461 principia
2450 2388 2611 2461 quae

365 2480 642 2578 physici
686 2482 1076 2580 negligunt,
1129 2494 1260 2578 pro
1307 2480 1833 2579 exploratisque
1871 2482 2261 2578 accipiunt,
2301 2482 2617 2576 philoso-

366 2599 489 2691 phi
530 2623 693 2670 vero
719 2599 1250 2693 amplectuntur
1286 2609 1354 2668 et
1394 2595 1769 2692 diligenter
1796 2600 2273 2693 perpendunt,
2306 2597 2612 2692 spatium

344 2706 696 2786 ‚videlicet
723 2727 794 2786 et
826 2711 1019 2808 quod
1048 2711 1350 2786 dicimus
1379 2712 1616 2802 inane,
1643 2726 2069 2810 tempusque
2096 2729 2165 2788 et
2220 2713 2606 2786 infinitum.

368 2827 544 2898 Nam
601 2851 823 2922 quum
873 2829 1202 2913 universa
1258 2819 1531 2902 naturae
1583 2829 1875 2902 scientia
1930 2845 2203 2904 constet
2252 2853 2328 2897 nx
2372 2853 2609 2897 aarum

371 2967 608 3031 rerum
647 2945 1249 3040 contemplatione
1283 2969 1446 3040 quae
1481 2957 1715 3016 motus
1757 2946 2125 3040 etquietis
2158 2969 2445 3037 capanna
2493 2969 2613 3037 por

373 3060 557 3133 vices
587 3055 895 3142 alternas
932 3050 1307 3132 moventur
1332 3076 1404 3133 et
1436 3060 1847 3156 quiescunt,
1885 3041 2155 3132 motum
2182 3074 2412 3130 autum
2449 3082 2609 3150 pit-r·-

369 3177 626 3250 callere
656 3198 799 3249 non·
837 3169 1045 3248 liceat
1075 3177 1230 3249 sine
1265 3176 1509 3272 aliqua
1543 3175 1881 3271 temporis
1913 3191 1981 3248 et
2016 3175 2224 3270 spatii
2284 3176 2613 3246 camisilia}-

371 3292 671 3384 ratione,
717 3291 899 3362 nihil
928 3304 1117 3364 certe
1145 3292 1221 3362 in
1251 3291 1620 3364 sensilium
1646 3290 1892 3361 notitia
1923 3290 2397 3383 proficiamuS,
2439 3288 2496 3359 si
2526 3287 2622 3359 sit

372 3407 446 3480 in
480 3406 703 3481 dubio
730 3430 892 3502 quae
921 3421 1155 3479 motus
1191 3398 1470 3492 natura,
1513 3394 1675 3501 quae
1710 3390 2050 3499 temporis
2073 3418 2142 3475 et
2171 3402 2405 3498 spatii,
2437 3402 2613 3498 quid

369 3523 590 3595 valeat
617 3523 810 3618 quod
837 3519 1149 3596 dicimus
1172 3520 1593 3595 continuum
1624 3535 1838 3614 atque
1873 3518 2258 3590 infinitum.

467 3757 595 3830 His
643 3757 976 3830 omnibus
1009 3754 1441 3850 explanatis,
1481 3750 1921 3853 aperitur-via
1951 3751 2037 3821 ad
2078 3762 2399 3820 naturam
2425 3801 2444 3834 ,
2491 3743 2614 3818 sed

348 3875 692 3947 ‘nondum
743 3871 1053 3966 speciem
1108 3868 1306 3942 illius
1358 3881 1427 3939 et
1469 3852 1781 3938 'formam
1853 3877 2219 3952 tenemus3
2291 3873 2616 3956 superest
2683 3895 2690 3905 ·

370 3987 590 4075 enim,
629 4001 916 4069 auctore
953 3984 1356 4071 Aristotele,
1392 3970 1478 4053 'ut
1511 3994 1746 4053 motus
1780 3991 1849 4052 et
1878 3978 2141 4074 quietis
2175 3973 2640 4072 principium‘

368 4116 440 4176 et
473 4102 713 4189 finem,
755 4121 1225 4195 causamque,
1267 4120 1389 4171 seu
1431 4096 1868 4167 extrinsecus
1909 4093 2237 4188 petitam,
2284 4114 2407 4163 seu
2443 4111 2609 4160 cor-

369 4216 662 4318 poribus
709 4212 1022 4312 physicis
1073 4210 1356 4294 insitam
1410 4224 1628 4305 atque
1662 4209 2125 4306 inhaerentem
2159 4262 2177 4294 ,
2219 4203 2613 4301 deprehen·
