<?xml version="1.0" encoding="UTF-8"?>
<!DOCTYPE html PUBLIC "-//W3C//DTD XHTML 1.0 Transitional//EN"
    "http://www.w3.org/TR/xhtml1/DTD/xhtml1-transitional.dtd">
<html xmlns="http://www.w3.org/1999/xhtml" xml:lang="en" lang="en">
 <head>
  <title>
</title>
<meta http-equiv="Content-Type" content="text/html;charset=utf-8" />
  <meta name='ocr-system' content='tesseract 3.04.00' />
  <meta name='ocr-capabilities' content='ocr_page ocr_carea ocr_par ocr_line ocrx_word'/>
</head>
<body>
  <div class='ocr_page' id='page_1' title='image "./inaristotelispl01zvgoog_0063.png"; bbox 0 0 3025 4975; ppageno 0'>
   <div class='ocr_carea' id='block_1_1' title="bbox 621 465 778 523">
    <p class='ocr_par' dir='ltr' id='par_1_1' title="bbox 621 465 778 523">
     <span class='ocr_line' id='line_1_1' title="bbox 621 465 778 523; baseline 0.006 -18"><span class='ocrx_word' id='word_1_1' title='bbox 621 465 778 523; x_wconf 65' lang='lat'>..51-</span> 
     </span>
    </p>
   </div>
   <div class='ocr_carea' id='block_1_2' title="bbox 132 610 1261 1280">
    <p class='ocr_par' dir='ltr' id='par_1_2' title="bbox 132 610 1261 1280">
     <span class='ocr_line' id='line_1_2' title="bbox 133 610 1259 710; baseline -0.005 -24"><span class='ocrx_word' id='word_1_2' title='bbox 133 615 204 688; x_wconf 90' lang='lat' dir='ltr'>illis</span> <span class='ocrx_word' id='word_1_3' title='bbox 229 612 387 710; x_wconf 89' lang='lat' dir='ltr'>copulari</span> <span class='ocrx_word' id='word_1_4' title='bbox 409 635 558 685; x_wconf 86' lang='lat' dir='ltr'>causam</span> <span class='ocrx_word' id='word_1_5' title='bbox 584 611 815 696; x_wconf 77' lang='lat' dir='ltr'>effectricem,</span> <span class='ocrx_word' id='word_1_6' title='bbox 844 610 1068 703; x_wconf 76' lang='lat' dir='ltr'>formamque</span> <span class='ocrx_word' id='word_1_7' title='bbox 1085 623 1119 683; x_wconf 89' lang='lat' dir='ltr'>ct</span> <span class='ocrx_word' id='word_1_8' title='bbox 1145 610 1259 704; x_wconf 87' lang='lat' dir='ltr'>ipsam</span> 
     </span>
     <span class='ocr_line' id='line_1_3' title="bbox 132 724 1258 823; baseline -0.006 -23"><span class='ocrx_word' id='word_1_9' title='bbox 132 729 328 820; x_wconf 74' lang='lat' dir='ltr'><strong>materiam,</strong></span> <span class='ocrx_word' id='word_1_10' title='bbox 342 751 407 801; x_wconf 90' lang='lat' dir='ltr'>nec</span> <span class='ocrx_word' id='word_1_11' title='bbox 416 726 690 823; x_wconf 86' lang='lat' dir='ltr'>penetrarifines</span> <span class='ocrx_word' id='word_1_12' title='bbox 701 748 805 820; x_wconf 89' lang='lat' dir='ltr'>posse</span> <span class='ocrx_word' id='word_1_13' title='bbox 816 724 903 820; x_wconf 92' lang='lat' dir='ltr'>quin</span> <span class='ocrx_word' id='word_1_14' title='bbox 916 726 1035 796; x_wconf 89' lang='lat' dir='ltr'>omnia</span> <span class='ocrx_word' id='word_1_15' title='bbox 1047 724 1114 797; x_wconf 90' lang='lat' dir='ltr'>ista</span> <span class='ocrx_word' id='word_1_16' title='bbox 1124 739 1258 797; x_wconf 88' lang='lat' dir='ltr'>teneas.</span> 
     </span>
     <span class='ocr_line' id='line_1_4' title="bbox 132 839 1260 936; baseline -0.007 -20"><span class='ocrx_word' id='word_1_17' title='bbox 132 846 235 927; x_wconf 82' lang='lat' dir='ltr'>Quod</span> <span class='ocrx_word' id='word_1_18' title='bbox 257 867 339 916; x_wconf 92' lang='lat' dir='ltr'>cum</span> <span class='ocrx_word' id='word_1_19' title='bbox 361 843 409 914; x_wconf 89' lang='lat' dir='ltr'>ita</span> <span class='ocrx_word' id='word_1_20' title='bbox 429 842 492 928; x_wconf 93' lang='lat' dir='ltr'>sit,</span> <span class='ocrx_word' id='word_1_21' title='bbox 517 840 605 936; x_wconf 93' lang='lat' dir='ltr'>quid</span> <span class='ocrx_word' id='word_1_22' title='bbox 630 852 745 914; x_wconf 84' lang='lat' dir='ltr'>causac</span> <span class='ocrx_word' id='word_1_23' title='bbox 764 863 840 913; x_wconf 90' lang='lat' dir='ltr'>esse</span> <span class='ocrx_word' id='word_1_24' title='bbox 866 839 976 933; x_wconf 83' lang='lat' dir='ltr'>igitur</span> <span class='ocrx_word' id='word_1_25' title='bbox 1005 851 1170 932; x_wconf 90' lang='lat' dir='ltr'>putemus</span> <span class='ocrx_word' id='word_1_26' title='bbox 1194 861 1260 909; x_wconf 89' lang='lat' dir='ltr'>cur</span> 
     </span>
     <span class='ocr_line' id='line_1_5' title="bbox 133 953 1260 1054; baseline -0.004 -24"><span class='ocrx_word' id='word_1_27' title='bbox 133 959 267 1031; x_wconf 86' lang='lat' dir='ltr'>tamdiu</span> <span class='ocrx_word' id='word_1_28' title='bbox 296 958 449 1054; x_wconf 79' lang='lat' dir='ltr'>vestigiis</span> <span class='ocrx_word' id='word_1_29' title='bbox 470 955 670 1029; x_wconf 84' lang='lat' dir='ltr'>Aristotelis</span> <span class='ocrx_word' id='word_1_30' title='bbox 691 954 894 1051; x_wconf 84' lang='lat' dir='ltr'>philosophi</span> <span class='ocrx_word' id='word_1_31' title='bbox 917 953 1119 1026; x_wconf 78' lang='lat' dir='ltr'><strong>insistentes</strong></span> <span class='ocrx_word' id='word_1_32' title='bbox 1139 977 1157 1025; x_wconf 90' lang='lat' dir='ltr'>a</span> <span class='ocrx_word' id='word_1_33' title='bbox 1179 977 1260 1025; x_wconf 82' lang='lat' dir='ltr'>vera</span> 
     </span>
     <span class='ocr_line' id='line_1_6' title="bbox 133 1055 1260 1165; baseline -0.006 -21"><span class='ocrx_word' id='word_1_34' title='bbox 133 1055 275 1145; x_wconf 83' lang='lat' dir='ltr'>ratione</span> <span class='ocrx_word' id='word_1_35' title='bbox 305 1071 537 1145; x_wconf 72' lang='lat' dir='ltr'>deflexerint?</span> <span class='ocrx_word' id='word_1_36' title='bbox 555 1071 612 1142; x_wconf 92' lang='lat' dir='ltr'>Nil</span> <span class='ocrx_word' id='word_1_37' title='bbox 639 1070 802 1165; x_wconf 88' lang='lat' dir='ltr'>prolecto</span> <span class='ocrx_word' id='word_1_38' title='bbox 820 1067 917 1141; x_wconf 89' lang='lat' dir='ltr'>aliud</span> <span class='ocrx_word' id='word_1_39' title='bbox 944 1090 1052 1163; x_wconf 85' lang='lat' dir='ltr'>quam</span> <span class='ocrx_word' id='word_1_40' title='bbox 1081 1069 1195 1162; x_wconf 87' lang='lat' dir='ltr'>quod,</span> <span class='ocrx_word' id='word_1_41' title='bbox 1223 1067 1260 1137; x_wconf 94' lang='lat' dir='ltr'>in</span> 
     </span>
     <span class='ocr_line' id='line_1_7' title="bbox 133 1181 1261 1280; baseline -0.003 -23"><span class='ocrx_word' id='word_1_42' title='bbox 133 1187 268 1260; x_wconf 86' lang='lat' dir='ltr'>linibus</span> <span class='ocrx_word' id='word_1_43' title='bbox 296 1186 524 1280; x_wconf 81' lang='lat' dir='ltr'>requirendis</span> <span class='ocrx_word' id='word_1_44' title='bbox 540 1185 659 1258; x_wconf 93' lang='lat' dir='ltr'>omnia</span> <span class='ocrx_word' id='word_1_45' title='bbox 678 1195 869 1280; x_wconf 85' lang='lat' dir='ltr'>ponentes,</span> <span class='ocrx_word' id='word_1_46' title='bbox 885 1181 1066 1276; x_wconf 83' lang='lat' dir='ltr'>propriam</span> <span class='ocrx_word' id='word_1_47' title='bbox 1085 1183 1261 1276; x_wconf 88' lang='lat' dir='ltr'>cujusque</span> 
     </span>
    </p>
   </div>
   <div class='ocr_carea' id='block_1_3' title="bbox 22 1295 1262 1626">
    <p class='ocr_par' dir='ltr' id='par_1_3' title="bbox 22 1295 1262 1626">
     <span class='ocr_line' id='line_1_8' title="bbox 22 1295 1262 1394; baseline -0.003 -23"><span class='ocrx_word' id='word_1_48' title='bbox 22 1342 23 1350; x_wconf 24' lang='grc' dir='ltr'><strong>κ</strong></span> <span class='ocrx_word' id='word_1_49' title='bbox 132 1314 297 1373; x_wconf 87' lang='lat' dir='ltr'>naturam</span> <span class='ocrx_word' id='word_1_50' title='bbox 328 1299 517 1394; x_wconf 87' lang='lat' dir='ltr'>variosque</span> <span class='ocrx_word' id='word_1_51' title='bbox 539 1314 656 1371; x_wconf 90' lang='lat' dir='ltr'>motus</span> <span class='ocrx_word' id='word_1_52' title='bbox 679 1310 715 1371; x_wconf 92' lang='lat' dir='ltr'>et</span> <span class='ocrx_word' id='word_1_53' title='bbox 731 1298 879 1370; x_wconf 86' lang='lat' dir='ltr'>allectus</span> <span class='ocrx_word' id='word_1_54' title='bbox 912 1296 1079 1390; x_wconf 83' lang='lat' dir='ltr'>indagare</span> <span class='ocrx_word' id='word_1_55' title='bbox 1098 1295 1262 1390; x_wconf 81' lang='lat' dir='ltr'>neglexe-</span> 
     </span>
     <span class='ocr_line' id='line_1_9' title="bbox 22 1409 1261 1512; baseline -0.003 -24"><span class='ocrx_word' id='word_1_56' title='bbox 22 1453 23 1458; x_wconf 65' lang='lat'>,</span> <span class='ocrx_word' id='word_1_57' title='bbox 130 1417 221 1503; x_wconf 90' lang='lat' dir='ltr'>rint,</span> <span class='ocrx_word' id='word_1_58' title='bbox 247 1416 380 1512; x_wconf 87' lang='lat' dir='ltr'>quibus</span> <span class='ocrx_word' id='word_1_59' title='bbox 400 1415 540 1488; x_wconf 90' lang='lat' dir='ltr'>omissis</span> <span class='ocrx_word' id='word_1_60' title='bbox 564 1414 816 1509; x_wconf 40' lang='lat' dir='ltr'>dnes‘assequi</span> <span class='ocrx_word' id='word_1_61' title='bbox 835 1409 907 1486; x_wconf 89' lang='lat' dir='ltr'>non</span> <span class='ocrx_word' id='word_1_62' title='bbox 927 1412 1146 1485; x_wconf 82' lang='lat' dir='ltr'>conceditur.</span> <span class='ocrx_word' id='word_1_63' title='bbox 1161 1411 1261 1484; x_wconf 79' lang='lat' dir='ltr'>Aris-</span> 
     </span>
     <span class='ocr_line' id='line_1_10' title="bbox 22 1526 1261 1626; baseline -0.005 -23"><span class='ocrx_word' id='word_1_64' title='bbox 22 1591 23 1597; x_wconf 63' lang='grc'>,</span> <span class='ocrx_word' id='word_1_65' title='bbox 131 1532 257 1604; x_wconf 88' lang='lat' dir='ltr'>toteles</span> <span class='ocrx_word' id='word_1_66' title='bbox 273 1543 393 1604; x_wconf 90' lang='lat' dir='ltr'>autem</span> <span class='ocrx_word' id='word_1_67' title='bbox 410 1531 593 1626; x_wconf 89' lang='lat' dir='ltr'>proposita</span> <span class='ocrx_word' id='word_1_68' title='bbox 610 1529 735 1601; x_wconf 87' lang='lat' dir='ltr'>smium</span> <span class='ocrx_word' id='word_1_69' title='bbox 762 1526 1065 1615; x_wconf 84' lang='lat' dir='ltr'>consideratione,</span> <span class='ocrx_word' id='word_1_70' title='bbox 1086 1551 1158 1599; x_wconf 91' lang='lat' dir='ltr'>non</span> <span class='ocrx_word' id='word_1_71' title='bbox 1173 1549 1261 1598; x_wconf 92' lang='lat' dir='ltr'>con-</span> 
     </span>
    </p>
   </div>
   <div class='ocr_carea' id='block_1_4' title="bbox 129 1641 1315 1739">
    <p class='ocr_par' dir='ltr' id='par_1_4' title="bbox 129 1641 1315 1739">
     <span class='ocr_line' id='line_1_11' title="bbox 129 1641 1315 1739; baseline -0.006 -21"><span class='ocrx_word' id='word_1_72' title='bbox 129 1649 269 1739; x_wconf 85' lang='lat' dir='ltr'>jectura</span> <span class='ocrx_word' id='word_1_73' title='bbox 288 1643 415 1716; x_wconf 89' lang='lat' dir='ltr'>mentis</span> <span class='ocrx_word' id='word_1_74' title='bbox 443 1668 503 1717; x_wconf 89' lang='lat' dir='ltr'>eos</span> <span class='ocrx_word' id='word_1_75' title='bbox 528 1645 615 1716; x_wconf 83' lang='lat' dir='ltr'>fines</span> <span class='ocrx_word' id='word_1_76' title='bbox 645 1642 814 1736; x_wconf 91' lang='lat' dir='ltr'>occupari</span> <span class='ocrx_word' id='word_1_77' title='bbox 835 1664 939 1737; x_wconf 85' lang='lat' dir='ltr'>posse</span> <span class='ocrx_word' id='word_1_78' title='bbox 955 1642 1176 1728; x_wconf 86' lang='lat' dir='ltr'>arbitratur,</span> <span class='ocrx_word' id='word_1_79' title='bbox 1202 1641 1263 1713; x_wconf 91' lang='lat' dir='ltr'>sed</span> <span class='ocrx_word' id='word_1_80' title='bbox 1313 1650 1315 1655; x_wconf 86' lang='lat'>&#39;</span> 
     </span>
    </p>
   </div>
   <div class='ocr_carea' id='block_1_5' title="bbox 22 1756 1264 2084">
    <p class='ocr_par' dir='ltr' id='par_1_5' title="bbox 22 1756 1264 2084">
     <span class='ocr_line' id='line_1_12' title="bbox 22 1756 1258 1858; baseline -0.003 -28"><span class='ocrx_word' id='word_1_81' title='bbox 22 1787 24 1830; x_wconf 68' lang='lat' dir='ltr'>a</span> <span class='ocrx_word' id='word_1_82' title='bbox 133 1773 228 1832; x_wconf 87' lang='lat' dir='ltr'>totus</span> <span class='ocrx_word' id='word_1_83' title='bbox 247 1761 285 1831; x_wconf 90' lang='lat' dir='ltr'>in</span> <span class='ocrx_word' id='word_1_84' title='bbox 299 1760 496 1855; x_wconf 82' lang='lat' dir='ltr'>indaganda</span> <span class='ocrx_word' id='word_1_85' title='bbox 521 1760 698 1858; x_wconf 87' lang='lat' dir='ltr'>cujusque</span> <span class='ocrx_word' id='word_1_86' title='bbox 715 1757 765 1829; x_wconf 90' lang='lat' dir='ltr'>rei</span> <span class='ocrx_word' id='word_1_87' title='bbox 782 1756 926 1851; x_wconf 86' lang='lat' dir='ltr'>propria</span> <span class='ocrx_word' id='word_1_88' title='bbox 941 1773 1067 1827; x_wconf 90' lang='lat' dir='ltr'>natura</span> <span class='ocrx_word' id='word_1_89' title='bbox 1085 1770 1258 1841; x_wconf 85' lang='lat' dir='ltr'>versatur,</span> 
     </span>
     <span class='ocr_line' id='line_1_13' title="bbox 133 1870 1263 1970; baseline -0.002 -24.268"><span class='ocrx_word' id='word_1_90' title='bbox 133 1875 445 1970; x_wconf 88' lang='lat' dir='ltr'>percipiendisque</span> <span class='ocrx_word' id='word_1_91' title='bbox 459 1874 683 1969; x_wconf 83' lang='lat' dir='ltr'>singulorum</span> <span class='ocrx_word' id='word_1_92' title='bbox 711 1871 900 1943; x_wconf 87' lang='lat' dir='ltr'>clementis</span> <span class='ocrx_word' id='word_1_93' title='bbox 924 1885 961 1942; x_wconf 88' lang='lat' dir='ltr'>et</span> <span class='ocrx_word' id='word_1_94' title='bbox 980 1870 1086 1942; x_wconf 80' lang='lat' dir='ltr'>uariis</span> <span class='ocrx_word' id='word_1_95' title='bbox 1103 1873 1263 1965; x_wconf 88' lang='lat' dir='ltr'>partibus</span> 
     </span>
     <span class='ocr_line' id='line_1_14' title="bbox 22 1986 1264 2084; baseline -0.004 -23"><span class='ocrx_word' id='word_1_96' title='bbox 22 2017 25 2061; x_wconf 75' lang='lat' dir='ltr'>a</span> <span class='ocrx_word' id='word_1_97' title='bbox 132 1991 365 2077; x_wconf 86' lang='lat' dir='ltr'>incumbens,</span> <span class='ocrx_word' id='word_1_98' title='bbox 399 1992 490 2063; x_wconf 87' lang='lat' dir='ltr'>bene</span> <span class='ocrx_word' id='word_1_99' title='bbox 513 2004 548 2061; x_wconf 89' lang='lat' dir='ltr'>ct</span> <span class='ocrx_word' id='word_1_100' title='bbox 569 2005 649 2084; x_wconf 90' lang='lat' dir='ltr'>apte</span> <span class='ocrx_word' id='word_1_101' title='bbox 669 1986 849 2061; x_wconf 88' lang='lat' dir='ltr'>consociat</span> <span class='ocrx_word' id='word_1_102' title='bbox 870 2009 951 2058; x_wconf 93' lang='lat' dir='ltr'>cum</span> <span class='ocrx_word' id='word_1_103' title='bbox 971 1986 1108 2059; x_wconf 87' lang='lat' dir='ltr'>ratione</span> <span class='ocrx_word' id='word_1_104' title='bbox 1123 1989 1264 2081; x_wconf 63' lang='lat' dir='ltr'>experi-</span> 
     </span>
    </p>
   </div>
   <div class='ocr_carea' id='block_1_6' title="bbox 22 2124 309 2183">
    <p class='ocr_par' dir='ltr' id='par_1_6' title="bbox 22 2124 309 2183">
     <span class='ocr_line' id='line_1_15' title="bbox 22 2124 309 2183; baseline 0 -6"><span class='ocrx_word' id='word_1_105' title='bbox 22 2133 26 2177; x_wconf 73' lang='lat' dir='ltr'>t</span> <span class='ocrx_word' id='word_1_106' title='bbox 134 2124 309 2183; x_wconf 86' lang='lat' dir='ltr'>mentum.</span> 
     </span>
    </p>
   </div>
   <div class='ocr_carea' id='block_1_7' title="bbox 183 2345 1261 2444">
    <p class='ocr_par' dir='ltr' id='par_1_7' title="bbox 183 2345 1261 2444">
     <span class='ocr_line' id='line_1_16' title="bbox 183 2345 1261 2444; baseline -0.006 -24"><span class='ocrx_word' id='word_1_107' title='bbox 183 2354 295 2421; x_wconf 88' lang='lat' dir='ltr'>Pauca</span> <span class='ocrx_word' id='word_1_108' title='bbox 316 2346 360 2422; x_wconf 86' lang='lat' dir='ltr'>dc</span> <span class='ocrx_word' id='word_1_109' title='bbox 378 2348 526 2435; x_wconf 89' lang='lat' dir='ltr'>inliniti,</span> <span class='ocrx_word' id='word_1_110' title='bbox 553 2349 722 2444; x_wconf 89' lang='lat' dir='ltr'>temporis</span> <span class='ocrx_word' id='word_1_111' title='bbox 746 2364 782 2422; x_wconf 88' lang='lat' dir='ltr'>et</span> <span class='ocrx_word' id='word_1_112' title='bbox 802 2350 908 2443; x_wconf 87' lang='lat' dir='ltr'>spatii</span> <span class='ocrx_word' id='word_1_113' title='bbox 930 2362 1058 2421; x_wconf 89' lang='lat' dir='ltr'>natura</span> <span class='ocrx_word' id='word_1_114' title='bbox 1082 2345 1261 2421; x_wconf 88' lang='lat' dir='ltr'>addideri-</span> 
     </span>
    </p>
   </div>
   <div class='ocr_carea' id='block_1_8' title="bbox 22 2460 1264 2559">
    <p class='ocr_par' dir='ltr' id='par_1_8' title="bbox 22 2460 1264 2559">
     <span class='ocr_line' id='line_1_17' title="bbox 22 2460 1264 2559; baseline -0.002 -26"><span class='ocrx_word' id='word_1_115' title='bbox 22 2495 27 2506; x_wconf 96' lang='lat'><em>·</em></span> <span class='ocrx_word' id='word_1_116' title='bbox 133 2484 226 2534; x_wconf 89' lang='lat' dir='ltr'>mus.</span> <span class='ocrx_word' id='word_1_117' title='bbox 243 2469 282 2534; x_wconf 91' lang='lat' dir='ltr'>ln</span> <span class='ocrx_word' id='word_1_118' title='bbox 292 2481 414 2559; x_wconf 88' lang='lat' dir='ltr'>aperto</span> <span class='ocrx_word' id='word_1_119' title='bbox 427 2465 524 2537; x_wconf 90' lang='lat' dir='ltr'>enim</span> <span class='ocrx_word' id='word_1_120' title='bbox 543 2477 680 2538; x_wconf 88' lang='lat' dir='ltr'>estnon</span> <span class='ocrx_word' id='word_1_121' title='bbox 696 2466 874 2538; x_wconf 88' lang='lat' dir='ltr'>contineri</span> <span class='ocrx_word' id='word_1_122' title='bbox 893 2465 958 2538; x_wconf 88' lang='lat' dir='ltr'>ista</span> <span class='ocrx_word' id='word_1_123' title='bbox 971 2464 1090 2538; x_wconf 91' lang='lat' dir='ltr'>omnia</span> <span class='ocrx_word' id='word_1_124' title='bbox 1105 2460 1264 2559; x_wconf 83' lang='lat' dir='ltr'>angustis</span> 
     </span>
    </p>
   </div>
   <div class='ocr_carea' id='block_1_9' title="bbox 22 2598 33 3115">
    <p class='ocr_par' dir='ltr' id='par_1_9' title="bbox 22 2598 33 3115">
     <span class='ocr_line' id='line_1_18' title="bbox 22 2598 28 2645; baseline 0 -4"><span class='ocrx_word' id='word_1_125' title='bbox 22 2598 28 2645; x_wconf 76' lang='lat' dir='ltr'>t</span> 
     </span>
     <span class='ocr_line' id='line_1_19' title="bbox 22 2714 30 2760; baseline 0 -4"><span class='ocrx_word' id='word_1_126' title='bbox 22 2714 30 2760; x_wconf 84' lang='lat' dir='ltr'>t</span> 
     </span>
     <span class='ocr_line' id='line_1_20' title="bbox 22 2834 32 2875; baseline 0 -19"><span class='ocrx_word' id='word_1_127' title='bbox 22 2834 32 2875; x_wconf 56' lang='grc' dir='ltr'>Ι.</span> 
     </span>
     <span class='ocr_line' id='line_1_21' title="bbox 22 2922 33 2989; baseline -0.182 0"><span class='ocrx_word' id='word_1_128' title='bbox 22 2922 33 2989; x_wconf 82' lang='lat' dir='ltr'>l</span> 
     </span>
     <span class='ocr_line' id='line_1_22' title="bbox 23 3054 32 3115; baseline 0 0"><span class='ocrx_word' id='word_1_129' title='bbox 23 3054 32 3115; x_wconf 77' lang='lat' dir='ltr'>l·</span> 
     </span>
    </p>
   </div>
   <div class='ocr_carea' id='block_1_10' title="bbox 22 3187 37 3811">
    <p class='ocr_par' dir='ltr' id='par_1_10' title="bbox 22 3187 37 3811">
     <span class='ocr_line' id='line_1_23' title="bbox 22 3187 34 3233; baseline 0 -23"><span class='ocrx_word' id='word_1_130' title='bbox 22 3187 34 3233; x_wconf 65' lang='lat' dir='ltr'>p</span> 
     </span>
     <span class='ocr_line' id='line_1_24' title="bbox 22 3278 34 3346; baseline -0.583 1"><span class='ocrx_word' id='word_1_131' title='bbox 22 3278 34 3346; x_wconf 85' lang='lat' dir='ltr'>l</span> 
     </span>
     <span class='ocr_line' id='line_1_25' title="bbox 22 3420 36 3465; baseline 0 -21"><span class='ocrx_word' id='word_1_132' title='bbox 22 3420 36 3465; x_wconf 66' lang='lat' dir='ltr'>p</span> 
     </span>
     <span class='ocr_line' id='line_1_26' title="bbox 22 3533 36 3581; baseline 0 0"><span class='ocrx_word' id='word_1_133' title='bbox 22 3533 36 3581; x_wconf 83' lang='lat' dir='ltr'>c</span> 
     </span>
     <span class='ocr_line' id='line_1_27' title="bbox 23 3647 37 3697; baseline 0 0"><span class='ocrx_word' id='word_1_134' title='bbox 23 3647 37 3697; x_wconf 84' lang='lat' dir='ltr'>ll</span> 
     </span>
     <span class='ocr_line' id='line_1_28' title="bbox 22 3763 37 3811; baseline -0.533 1"><span class='ocrx_word' id='word_1_135' title='bbox 22 3763 37 3811; x_wconf 93' lang='lat' dir='ltr'>n</span> 
     </span>
    </p>
   </div>
   <div class='ocr_carea' id='block_1_11' title="bbox 22 3876 37 4053">
    <p class='ocr_par' dir='ltr' id='par_1_11' title="bbox 22 3876 37 4053">
     <span class='ocr_line' id='line_1_29' title="bbox 22 3876 37 3925; baseline -0.2 0"><span class='ocrx_word' id='word_1_136' title='bbox 22 3876 37 3925; x_wconf 78' lang='lat' dir='ltr'>lu</span> 
     </span>
     <span class='ocr_line' id='line_1_30' title="bbox 22 3995 35 4053; baseline 0 0"><span class='ocrx_word' id='word_1_137' title='bbox 22 3995 35 4053; x_wconf 75' lang='lat'>33</span> 
     </span>
    </p>
   </div>
   <div class='ocr_carea' id='block_1_12' title="bbox 22 4108 32 4156">
    <p class='ocr_par' dir='ltr' id='par_1_12' title="bbox 22 4108 32 4156">
     <span class='ocr_line' id='line_1_31' title="bbox 22 4108 32 4156; baseline 0 0"><span class='ocrx_word' id='word_1_138' title='bbox 22 4108 32 4156; x_wconf 84' lang='lat' dir='ltr'>l</span> 
     </span>
    </p>
   </div>
   <div class='ocr_carea' id='block_1_13' title="bbox 131 2578 1284 3362">
    <p class='ocr_par' dir='ltr' id='par_1_13' title="bbox 131 2578 1284 3362">
     <span class='ocr_line' id='line_1_32' title="bbox 131 2578 1264 2676; baseline -0.003 -26"><span class='ocrx_word' id='word_1_139' title='bbox 131 2601 324 2673; x_wconf 90' lang='lat' dir='ltr'>corporum</span> <span class='ocrx_word' id='word_1_140' title='bbox 344 2581 527 2676; x_wconf 82' lang='lat' dir='ltr'>terminis,</span> <span class='ocrx_word' id='word_1_141' title='bbox 560 2583 621 2654; x_wconf 91' lang='lat' dir='ltr'>sed</span> <span class='ocrx_word' id='word_1_142' title='bbox 643 2603 719 2674; x_wconf 88' lang='lat' dir='ltr'>esse</span> <span class='ocrx_word' id='word_1_143' title='bbox 745 2604 906 2655; x_wconf 86' lang='lat' dir='ltr'>scorsum</span> <span class='ocrx_word' id='word_1_144' title='bbox 937 2603 956 2651; x_wconf 88' lang='lat' dir='ltr'>a</span> <span class='ocrx_word' id='word_1_145' title='bbox 983 2581 1087 2652; x_wconf 83' lang='lat' dir='ltr'>finita</span> <span class='ocrx_word' id='word_1_146' title='bbox 1118 2578 1264 2651; x_wconf 88' lang='lat' dir='ltr'>materia</span> 
     </span>
     <span class='ocr_line' id='line_1_33' title="bbox 133 2694 1264 2795; baseline -0.002 -29"><span class='ocrx_word' id='word_1_147' title='bbox 133 2711 378 2789; x_wconf 88' lang='lat' dir='ltr'>corporeaque</span> <span class='ocrx_word' id='word_1_148' title='bbox 408 2696 500 2767; x_wconf 91' lang='lat' dir='ltr'>mole</span> <span class='ocrx_word' id='word_1_149' title='bbox 531 2696 684 2791; x_wconf 87' lang='lat' dir='ltr'>spatium</span> <span class='ocrx_word' id='word_1_150' title='bbox 711 2697 859 2795; x_wconf 82' lang='lat' dir='ltr'>aliquod</span> <span class='ocrx_word' id='word_1_151' title='bbox 895 2696 1099 2778; x_wconf 89' lang='lat' dir='ltr'>inlinitum,</span> <span class='ocrx_word' id='word_1_152' title='bbox 1142 2694 1264 2764; x_wconf 93' lang='lat' dir='ltr'>immo·</span> 
     </span>
     <span class='ocr_line' id='line_1_34' title="bbox 136 2809 1266 2905; baseline -0.002 -25"><span class='ocrx_word' id='word_1_153' title='bbox 136 2826 211 2880; x_wconf 86' lang='lat' dir='ltr'>tum</span> <span class='ocrx_word' id='word_1_154' title='bbox 226 2831 291 2903; x_wconf 87' lang='lat' dir='ltr'>per</span> <span class='ocrx_word' id='word_1_155' title='bbox 304 2831 361 2896; x_wconf 87' lang='lat' dir='ltr'>se,</span> <span class='ocrx_word' id='word_1_156' title='bbox 385 2822 419 2880; x_wconf 89' lang='lat' dir='ltr'>et</span> <span class='ocrx_word' id='word_1_157' title='bbox 440 2809 478 2880; x_wconf 90' lang='lat' dir='ltr'>in</span> <span class='ocrx_word' id='word_1_158' title='bbox 494 2834 566 2905; x_wconf 92' lang='lat' dir='ltr'>quo</span> <span class='ocrx_word' id='word_1_159' title='bbox 582 2811 702 2882; x_wconf 89' lang='lat' dir='ltr'>omnia</span> <span class='ocrx_word' id='word_1_160' title='bbox 720 2825 946 2903; x_wconf 61' lang='lat' dir='ltr'>mercantum</span> <span class='ocrx_word' id='word_1_161' title='bbox 962 2811 1030 2881; x_wconf 91' lang='lat' dir='ltr'>hoc</span> <span class='ocrx_word' id='word_1_162' title='bbox 1049 2823 1165 2881; x_wconf 89' lang='lat' dir='ltr'>autem</span> <span class='ocrx_word' id='word_1_163' title='bbox 1183 2830 1266 2903; x_wconf 89' lang='lat' dir='ltr'>spa-</span> 
     </span>
     <span class='ocr_line' id='line_1_35' title="bbox 134 2923 1284 3019; baseline -0.002 -25"><span class='ocrx_word' id='word_1_164' title='bbox 134 2924 224 2994; x_wconf 92' lang='lat' dir='ltr'>tium</span> <span class='ocrx_word' id='word_1_165' title='bbox 242 2924 464 3019; x_wconf 89' lang='lat' dir='ltr'>nonpercipi</span> <span class='ocrx_word' id='word_1_166' title='bbox 495 2926 679 3018; x_wconf 88' lang='lat' dir='ltr'>sensibus,</span> <span class='ocrx_word' id='word_1_167' title='bbox 712 2925 773 2996; x_wconf 88' lang='lat' dir='ltr'>sed</span> <span class='ocrx_word' id='word_1_168' title='bbox 799 2924 1006 3016; x_wconf 35' lang='lat' dir='ltr'>‚intellectus</span> <span class='ocrx_word' id='word_1_169' title='bbox 1022 2923 1178 2995; x_wconf 89' lang='lat' dir='ltr'>acumini</span> <span class='ocrx_word' id='word_1_170' title='bbox 1193 2946 1259 3018; x_wconf 88' lang='lat' dir='ltr'>pa·</span> <span class='ocrx_word' id='word_1_171' title='bbox 1281 2941 1284 2947; x_wconf 84' lang='lat'>·</span> 
     </span>
     <span class='ocr_line' id='line_1_36' title="bbox 134 3039 1265 3135; baseline -0.001 -27"><span class='ocrx_word' id='word_1_172' title='bbox 134 3052 227 3125; x_wconf 89' lang='lat' dir='ltr'>tere,</span> <span class='ocrx_word' id='word_1_173' title='bbox 257 3039 417 3132; x_wconf 90' lang='lat' dir='ltr'>quamvis</span> <span class='ocrx_word' id='word_1_174' title='bbox 443 3040 541 3111; x_wconf 87' lang='lat' dir='ltr'>nulla</span> <span class='ocrx_word' id='word_1_175' title='bbox 565 3041 736 3135; x_wconf 83' lang='lat' dir='ltr'>cogitatio</span> <span class='ocrx_word' id='word_1_176' title='bbox 756 3041 912 3111; x_wconf 88' lang='lat' dir='ltr'>humana</span> <span class='ocrx_word' id='word_1_177' title='bbox 941 3039 1051 3134; x_wconf 87' lang='lat' dir='ltr'>possit</span> <span class='ocrx_word' id='word_1_178' title='bbox 1077 3039 1265 3134; x_wconf 89' lang='lat' dir='ltr'>complecti</span> 
     </span>
     <span class='ocr_line' id='line_1_37' title="bbox 134 3152 1264 3249; baseline 0.004 -27"><span class='ocrx_word' id='word_1_179' title='bbox 134 3153 246 3246; x_wconf 66' lang='lat' dir='ltr'>ipsius</span> <span class='ocrx_word' id='word_1_180' title='bbox 272 3168 459 3224; x_wconf 78' lang='lat' dir='ltr'>naturam</span> <span class='ocrx_word' id='word_1_181' title='bbox 476 3152 624 3226; x_wconf 84' lang='lat' dir='ltr'>Videtur</span> <span class='ocrx_word' id='word_1_182' title='bbox 645 3156 750 3227; x_wconf 90' lang='lat' dir='ltr'>ctiam</span> <span class='ocrx_word' id='word_1_183' title='bbox 782 3178 858 3226; x_wconf 89' lang='lat' dir='ltr'>esse</span> <span class='ocrx_word' id='word_1_184' title='bbox 884 3154 989 3225; x_wconf 87' lang='lat' dir='ltr'>inane</span> <span class='ocrx_word' id='word_1_185' title='bbox 1015 3153 1174 3249; x_wconf 90' lang='lat' dir='ltr'>aliquid,</span> <span class='ocrx_word' id='word_1_186' title='bbox 1192 3178 1264 3248; x_wconf 90' lang='lat' dir='ltr'>quo</span> 
     </span>
     <span class='ocr_line' id='line_1_38' title="bbox 134 3267 1266 3362; baseline -0.001 -24"><span class='ocrx_word' id='word_1_187' title='bbox 134 3269 291 3338; x_wconf 88' lang='lat' dir='ltr'>detracto</span> <span class='ocrx_word' id='word_1_188' title='bbox 305 3278 422 3338; x_wconf 93' lang='lat' dir='ltr'>motus</span> <span class='ocrx_word' id='word_1_189' title='bbox 436 3267 554 3337; x_wconf 89' lang='lat' dir='ltr'>statim</span> <span class='ocrx_word' id='word_1_190' title='bbox 579 3267 738 3352; x_wconf 80' lang='lat' dir='ltr'>deficiat3</span> <span class='ocrx_word' id='word_1_191' title='bbox 754 3282 895 3362; x_wconf 87' lang='lat' dir='ltr'>tempus</span> <span class='ocrx_word' id='word_1_192' title='bbox 908 3268 1064 3362; x_wconf 91' lang='lat' dir='ltr'>denique</span> <span class='ocrx_word' id='word_1_193' title='bbox 1086 3268 1266 3340; x_wconf 87' lang='lat' dir='ltr'>infinitum</span> 
     </span>
    </p>
   </div>
   <div class='ocr_carea' id='block_1_14' title="bbox 42 3381 1264 3476">
    <p class='ocr_par' dir='ltr' id='par_1_14' title="bbox 42 3381 1264 3476">
     <span class='ocr_line' id='line_1_39' title="bbox 42 3381 1264 3476; baseline 0.004 -25"><span class='ocrx_word' id='word_1_194' title='bbox 42 3386 43 3397; x_wconf 76' lang='grc'>’</span> <span class='ocrx_word' id='word_1_195' title='bbox 134 3404 199 3475; x_wconf 90' lang='lat' dir='ltr'>per</span> <span class='ocrx_word' id='word_1_196' title='bbox 216 3405 254 3454; x_wconf 92' lang='lat' dir='ltr'>se</span> <span class='ocrx_word' id='word_1_197' title='bbox 267 3405 343 3455; x_wconf 89' lang='lat' dir='ltr'>csse</span> <span class='ocrx_word' id='word_1_198' title='bbox 358 3381 581 3476; x_wconf 88' lang='lat' dir='ltr'>concipimus</span> <span class='ocrx_word' id='word_1_199' title='bbox 606 3397 646 3454; x_wconf 88' lang='lat' dir='ltr'>et</span> <span class='ocrx_word' id='word_1_200' title='bbox 660 3406 823 3472; x_wconf 87' lang='lat' dir='ltr'>manere,</span> <span class='ocrx_word' id='word_1_201' title='bbox 840 3384 979 3454; x_wconf 89' lang='lat' dir='ltr'>etiamsi</span> <span class='ocrx_word' id='word_1_202' title='bbox 992 3383 1129 3455; x_wconf 87' lang='lat' dir='ltr'>desinat</span> <span class='ocrx_word' id='word_1_203' title='bbox 1147 3397 1264 3458; x_wconf 92' lang='lat' dir='ltr'>motus</span> 
     </span>
    </p>
   </div>
   <div class='ocr_carea' id='block_1_15' title="bbox 135 3497 1267 3939">
    <p class='ocr_par' dir='ltr' id='par_1_15' title="bbox 135 3497 1267 3939">
     <span class='ocr_line' id='line_1_40' title="bbox 135 3497 1267 3593; baseline 0.004 -27"><span class='ocrx_word' id='word_1_204' title='bbox 135 3518 265 3590; x_wconf 84' lang='lat' dir='ltr'>resque</span> <span class='ocrx_word' id='word_1_205' title='bbox 282 3518 407 3569; x_wconf 91' lang='lat' dir='ltr'>omnes</span> <span class='ocrx_word' id='word_1_206' title='bbox 429 3497 537 3569; x_wconf 87' lang='lat' dir='ltr'>linitae</span> <span class='ocrx_word' id='word_1_207' title='bbox 553 3497 698 3593; x_wconf 86' lang='lat' dir='ltr'>penitus</span> <span class='ocrx_word' id='word_1_208' title='bbox 716 3497 947 3591; x_wconf 77' lang='lat' dir='ltr'>aboleantur3</span> <span class='ocrx_word' id='word_1_209' title='bbox 971 3497 1009 3566; x_wconf 92' lang='lat' dir='ltr'>in</span> <span class='ocrx_word' id='word_1_210' title='bbox 1031 3511 1190 3592; x_wconf 88' lang='lat' dir='ltr'>tempore</span> <span class='ocrx_word' id='word_1_211' title='bbox 1204 3522 1267 3571; x_wconf 92' lang='lat' dir='ltr'>au-</span> 
     </span>
     <span class='ocr_line' id='line_1_41' title="bbox 135 3603 1265 3700; baseline 0.002 -18"><span class='ocrx_word' id='word_1_212' title='bbox 135 3626 203 3682; x_wconf 89' lang='lat' dir='ltr'>tem</span> <span class='ocrx_word' id='word_1_213' title='bbox 216 3632 292 3682; x_wconf 91' lang='lat' dir='ltr'>esse</span> <span class='ocrx_word' id='word_1_214' title='bbox 309 3632 382 3682; x_wconf 89' lang='lat' dir='ltr'>uon</span> <span class='ocrx_word' id='word_1_215' title='bbox 399 3610 505 3684; x_wconf 94' lang='lat' dir='ltr'>modo</span> <span class='ocrx_word' id='word_1_216' title='bbox 515 3613 610 3685; x_wconf 81' lang='lat' dir='ltr'>[luxa</span> <span class='ocrx_word' id='word_1_217' title='bbox 622 3625 659 3684; x_wconf 91' lang='lat' dir='ltr'>et</span> <span class='ocrx_word' id='word_1_218' title='bbox 670 3613 830 3700; x_wconf 87' lang='lat' dir='ltr'>sensilia,</span> <span class='ocrx_word' id='word_1_219' title='bbox 846 3612 908 3684; x_wconf 88' lang='lat' dir='ltr'>sed</span> <span class='ocrx_word' id='word_1_220' title='bbox 921 3625 1052 3684; x_wconf 88' lang='lat' dir='ltr'>aeterna</span> <span class='ocrx_word' id='word_1_221' title='bbox 1071 3628 1106 3685; x_wconf 88' lang='lat' dir='ltr'>et</span> <span class='ocrx_word' id='word_1_222' title='bbox 1118 3603 1265 3686; x_wconf 92' lang='lat' dir='ltr'>immor·</span> 
     </span>
     <span class='ocr_line' id='line_1_42' title="bbox 139 3724 1264 3823; baseline 0.004 -26"><span class='ocrx_word' id='word_1_223' title='bbox 139 3724 237 3812; x_wconf 84' lang='lat' dir='ltr'>talia,</span> <span class='ocrx_word' id='word_1_224' title='bbox 250 3725 477 3819; x_wconf 86' lang='lat' dir='ltr'>quoniam-ne</span> <span class='ocrx_word' id='word_1_225' title='bbox 491 3728 725 3800; x_wconf 85' lang='lat' dir='ltr'>aeternitatem</span> <span class='ocrx_word' id='word_1_226' title='bbox 741 3728 883 3823; x_wconf 88' lang='lat' dir='ltr'>quidem</span> <span class='ocrx_word' id='word_1_227' title='bbox 901 3727 1124 3821; x_wconf 87' lang='lat' dir='ltr'>concipimus</span> <span class='ocrx_word' id='word_1_228' title='bbox 1144 3728 1264 3801; x_wconf 86' lang='lat' dir='ltr'>animo</span> 
     </span>
     <span class='ocr_line' id='line_1_43' title="bbox 140 3826 1249 3939; baseline 0.007 -27"><span class='ocrx_word' id='word_1_229' title='bbox 140 3840 215 3912; x_wconf 93' lang='lat' dir='ltr'>sino</span> <span class='ocrx_word' id='word_1_230' title='bbox 232 3838 351 3935; x_wconf 88' lang='lat' dir='ltr'>aliqua</span> <span class='ocrx_word' id='word_1_231' title='bbox 371 3845 541 3937; x_wconf 89' lang='lat' dir='ltr'>temporis</span> <span class='ocrx_word' id='word_1_232' title='bbox 558 3843 784 3939; x_wconf 81' lang='lat' dir='ltr'>cogitatione.</span> <span class='ocrx_word' id='word_1_233' title='bbox 1246 3826 1249 3831; x_wconf 83' lang='lat'>.</span> 
     </span>
    </p>
   </div>
   <div class='ocr_carea' id='block_1_16' title="bbox 191 4079 1263 4191">
    <p class='ocr_par' dir='ltr' id='par_1_16' title="bbox 191 4062 1263 4191">
     <span class='ocr_line' id='line_1_44' title="bbox 191 4079 1263 4191; baseline 0.003 -40"><span class='ocrx_word' id='word_1_234' title='bbox 191 4079 292 4170; x_wconf 76' lang='lat' dir='ltr'>Quod</span> <span class='ocrx_word' id='word_1_235' title='bbox 312 4081 355 4154; x_wconf 83' lang='lat' dir='ltr'>ud</span> <span class='ocrx_word' id='word_1_236' title='bbox 383 4099 516 4157; x_wconf 87' lang='lat' dir='ltr'>motum</span> <span class='ocrx_word' id='word_1_237' title='bbox 550 4100 701 4180; x_wconf 87' lang='lat' dir='ltr'>spectat,</span> <span class='ocrx_word' id='word_1_238' title='bbox 740 4085 910 4160; x_wconf 85' lang='lat' dir='ltr'>nonnulla</span> <span class='ocrx_word' id='word_1_239' title='bbox 934 4104 1118 4191; x_wconf 85' lang='lat' dir='ltr'>perperam</span> <span class='ocrx_word' id='word_1_240' title='bbox 1152 4082 1263 4171; x_wconf 72' lang='lat' dir='ltr'>(licta,</span> 
     </span>
    </p>
   </div>
   <div class='ocr_carea' id='block_1_17' title="bbox 0 0 1523 4975">
    <p class='ocr_par' dir='ltr' id='par_1_17' title="bbox 0 0 1523 4975">
     <span class='ocr_line' id='line_1_45' title="bbox 0 0 1523 4975; baseline 0 0"><span class='ocrx_word' id='word_1_241' title='bbox 0 0 1523 4975; x_wconf 95' lang='lat' dir='ltr'> </span> 
     </span>
    </p>
   </div>
  </div>
 </body>
</html>
