3025 4975
764 494 922 552 ..30-

223 679 227 686 ·
280 652 397 737 partes
410 631 592 722 infinitast
602 653 638 713 et
656 643 773 737 neque
792 643 828 713 in
844 641 1090 737 spationeque
1106 640 1315 736 intempore
1330 665 1408 714 ma·
1500 661 1501 678 t

280 770 361 828 neat
376 756 574 851 quidquam
592 755 816 829 individuum
842 756 879 827 in
900 776 971 850 quo
991 768 1108 827 motus
1127 755 1279 828 deficiat.
1302 756 1407 830 Valet

279 870 387 942 etiam
405 869 525 943 eadem
551 871 628 942 baeu
646 870 899 944 commentatio
918 870 963 941 ad
981 872 1023 968 e'a
1046 867 1236 942 revellenda
1256 893 1337 964 quae
1358 874 1408 946 de

278 981 381 1057 variis
400 1008 521 1057 rerum
546 985 803 1057 mutationibus
822 983 917 1057 idem
942 984 1002 1057 ille
1019 984 1205 1056 cavillatus
1223 998 1289 1055 est.
1313 990 1408 1058 Nam

280 1121 393 1192 quum
415 1099 510 1182 nulla
536 1098 685 1170 mutatio
704 1109 841 1170 eonstet
855 1120 896 1169 ex
909 1099 1166 1171 mutationibus
1188 1097 1404 1188 individuis,
1500 1087 1501 1146 ἶ

1499 501 1502 648 v

278 1211 440 1308 nihilque
454 1213 559 1306 plane
579 1211 616 1283 in
637 1226 735 1283 motu
753 1212 1031 1299 intermittatur,
1065 1214 1102 1283 in
1120 1225 1243 1307 aperto
1259 1225 1311 1284 est
1328 1212 1410 1283 sin·
1500 1273 1501 1294 ,

279 1576 397 1647 neque
416 1551 561 1647 nigrum
579 1542 625 1624 sit
644 1577 761 1648 neque
779 1555 913 1645 album,
935 1568 970 1626 et
989 1556 1179 1627 immotum
1198 1567 1349 1626 maneat.

162 1309 165 1320 ⁸
277 1327 376 1420 gulas
390 1325 614 1398 alterationes
625 1347 702 1396 esse
710 1328 910 1414 continuas,
926 1326 1057 1397 nedum
1072 1311 1409 1420 punctumaliquod
1500 1347 1501 1424 ς

277 1441 323 1511 sit
336 1439 509 1533 temporis
524 1438 560 1508 in
579 1460 653 1532 quo
669 1438 707 1510 id
726 1440 859 1544 quode
878 1439 981 1533 nigro
997 1439 1172 1510 inalbum
1192 1439 1407 1534 immutatur
1436 1435 1439 1438 ’

327 1777 497 1874 Sequitur
511 1801 553 1851 ex
574 1778 709 1852 eisdem
726 1777 781 1877 (2)
800 1760 840 1852 ut
861 1802 933 1853 non
952 1781 1053 1852 eadat
1070 1792 1188 1850 motus
1205 1779 1242 1849 in
1262 1801 1302 1850 ea
1321 1756 1407 1874 quae
1500 1787 1501 1810 ¹

278 1907 362 1965 sunt
381 1893 576 1983 individua,
594 1910 630 1967 et
645 1897 742 1970 nullo
760 1908 864 1989 paeto
885 1895 1017 1968 moveri
1034 1895 1144 1990 possit
1158 1917 1221 1990 per
1239 1895 1344 1965 inane
1359 1918 1406 1967 ea
1500 1961 1501 2008 q

236 2047 240 2058 =
279 2030 385 2104 quam
406 2009 627 2082 Democritus
654 2009 801 2105 proprio
821 2008 978 2105 pondere
1000 2010 1087 2082 ferri
1112 2010 1199 2081 dixit
1216 2022 1399 2102 atomum3

278 2113 454 2210 quidquid
479 2114 573 2185 enim
598 2130 757 2189 movetur
778 2114 967 2189 dividuum
990 2114 1037 2188 sit
1057 2116 1094 2187 in
1112 2127 1234 2220 partes
1258 2135 1404 2224 neeesse
1500 2117 1501 2120 ’

277 2241 342 2301 esi.
414 2279 416 2282 ·

328 2438 445 2519 Quum
456 2458 563 2531 porro
578 2457 618 2507 ea
632 2435 679 2509 sit
693 2436 878 2532 temporis,
889 2436 1034 2533 spatiiet
1049 2449 1166 2513 motus
1182 2435 1403 2513 oonsooiatio
1500 2483 1501 2487 =

279 2565 318 2622 ut
340 2573 411 2622 non
432 2554 536 2624 modo
556 2565 695 2645 tempus
713 2566 748 2622 et
771 2565 887 2625 motus
903 2553 981 2624 sine
1002 2553 1115 2647 spatio
1134 2575 1211 2624 esse
1233 2546 1304 2631 non
1322 2574 1404 2646 pos-

277 2665 361 2751 sint,
378 2663 439 2741 sed
457 2666 563 2739 etiam
579 2669 701 2753 eadem
719 2668 853 2753 ratione
874 2682 991 2760 partes
1012 2667 1050 2741 in
1070 2666 1226 2742 inlinitas
1243 2666 1402 2763 dividan-

278 2795 349 2866 tur,
369 2780 502 2853 evincit
522 2804 593 2852 non
614 2804 717 2878 posse
738 2781 937 2879 quidquam
963 2782 1064 2854 finito
1085 2781 1122 2852 in
1141 2794 1299 2875 tempore
1315 2780 1400 2861 ferri

277 2917 340 2988 per
356 2893 560 2986 infinitum3
581 2918 622 2967 ex
642 2919 714 2993 quo
729 2894 862 2968 i'nlerre
880 2895 960 2971 licet
976 2895 1116 2969 nullum
1131 2911 1282 2987 motum,
1299 2894 1401 2977 [inita

279 2999 413 3087 ratione
422 3002 609 3094 temporis,
627 3000 906 3099 esse-infinitum,
924 3001 1015 3089 nihil
1034 3024 1096 3099 per
1113 2994 1267 3097 spatiqt'p
1285 3000 1402 3083 intini-

277 3129 353 3184 tum
371 3113 455 3199 ferri
472 3114 726 3202 indesinenter,
746 3116 959 3208 quumalias
971 3138 1077 3193 omne
1088 3117 1241 3210 spatium
1257 3116 1302 3195 sit
1320 3113 1402 3199 lipi-

277 3241 374 3301 tum„
393 3229 572 3312 Quoniam
599 3229 707 3323 igitur
736 3227 791 3325 (3)
818 3253 889 3302 non
919 3230 966 3302 ita
993 3230 1154 3304 infinitus
1179 3218 1256 3306 esse
1282 3243 1401 3317 motus

134 3312 141 3319 r
218 3390 220 3394 v
276 3355 391 3435 potest
410 3356 449 3431 ut
463 3344 614 3443 spatium
628 3367 691 3439 per
709 3343 890 3417 infinitum
905 3345 1052 3431 seratur,
1068 3360 1229 3441 superest
1243 3358 1282 3417 ut
1296 3345 1399 3429 linito

277 3456 446 3553 inspatio
464 3457 597 3531 seratur
608 3457 611 3462 ’
622 3479 685 3551 per
700 3470 841 3567 tempus
861 3458 1042 3557 inlinitum
1058 3480 1172 3555 enque
1187 3473 1289 3554 paeto
1302 3459 1416 3562 dica·¹

275 3582 335 3641 tur
351 3592 427 3641 esse
448 3570 634 3662 infinitus3
657 3570 919 3667 cujusgeneris
932 3595 1026 3659 uuus
1042 3585 1179 3656 tantum
1197 3586 1249 3659 est
1266 3588 1398 3667 motus,

276 3697 404 3770 nempe
422 3675 482 3747 ille
498 3677 561 3770 qui
579 3676 672 3748 llexu
686 3670 836 3773 perenni
854 3670 1002 3772 oblique
1016 3677 1054 3748 in
1070 3692 1180 3750 semet
1192 3679 1396 3751 revolvitur.

311 3963 351 4036 (t)
371 3963 434 4022 Lib.
444 3961 501 4029 Vl,
511 3976 574 4035 cap.
586 3961 637 4027 lo,
652 3961 836 4031 t.rt0,2t1.

309 4055 350 4135 (2)
366 4055 430 4115 Lib.
442 4054 485 4114 Vl
495 4097 503 4131 ,
515 4070 578 4131 cop.
593 4054 647 4123 10,
663 4054 684 4112 1.
694 4053 758 4120 211,
963 4056 965 4061 “

308 4148 348 4227 (3)
368 4147 436 4209 boo.
448 4146 524 4211 laud.
