3025 4975
649 524 808 584 ..17-

96 693 100 698 ’
166 673 417 770 quodquenon
431 672 532 748 aliter
543 697 615 750 ctae
626 673 766 747 dicatur
780 673 930 772 quamsi
945 672 1105 770 singulas
1117 673 1195 768 ejus
1206 696 1289 769 par·

168 808 316 881 teodori
337 807 488 882 vicissim
507 821 543 881 et
562 807 664 904 quasi
688 817 722 885 τὸ
746 834 817 882 erse
842 827 1016 903 occupare
1033 827 1286 881 asseveremus.

170 928 221 998 lta
244 948 322 1014 non
343 936 437 997 recte
455 921 652 997 dixerimus
679 920 716 995 id
743 945 821 995 esse
840 921 1019 994 infinitum
1044 935 1172 1017 praeter
1195 922 1290 1018 quod

172 1037 263 1109 nihii
278 1050 352 1126 est,
374 1041 436 1113 sed
457 1039 494 1112 id
514 1037 634 1132 potius
646 1049 779 1133 praeter
795 1040 891 1133 quod
910 1049 964 1110 est
982 1059 1122 1133 semper
1139 1037 1291 1135 aliquid.

173 1152 458 1247 Discrepat‘enim
468 1151 648 1225 infinitum
663 1152 707 1224 ab
721 1150 983 1224 universalitate
993 1174 1113 1235 rerum
1129 1175 1209 1246 quar
1219 1150 1296 1248 qui·

174 1268 255 1341 dem
267 1268 428 1341 finitaest
441 1281 476 1341 et
492 1265 660 1364 perfecta.
674 1272 735 1339 Est
749 1271 868 1339 autem
879 1267 1058 1339 infinitum
1074 1266 1175 1362 quasi
1191 1266 1297 1339 istius

176 1383 447 1458 universalitatis
464 1383 629 1472 materia,
652 1382 805 1477 ideoque
814 1405 885 1455 non
896 1404 971 1455 eam
981 1383 1142 1455 continet
1160 1385 1221 1456 sed
1232 1405 1298 1477 po·

177 1500 267 1593 tius,
282 1515 457 1596 quatenus
471 1499 615 1573 materia
630 1510 701 1588 est,
722 1497 1039 1595 comprehenditur
1057 1512 1092 1572 et
1107 1498 1296 1591 definitum
1314 1543 1317 1549 -

179 1617 283 1709 cujus
299 1615 454 1688 materiae
468 1615 497 1688 si
517 1629 679 1688 naturam
698 1615 921 1710 requiramus
932 1670 942 1705 ,
964 1613 1102 1688 videtur
1121 1613 1221 1686 iilius
1240 1635 1302 1686 es·
1327 1621 1329 1624 ’

180 1733 292 1806 sentia
308 1745 469 1806 constare
486 1755 528 1803 ex
542 1739 735 1827 privatione,
752 1715 892 1829 στερήᾷει,
909 1731 1109 1806 substantia
1127 1743 1245 1803 autem
1260 1753 1300 1826 er

181 1847 303 1921 sensili
323 1861 358 1918 et
373 1846 563 1935 continuO,
584 1864 626 1943 τῷ
643 1856 760 1944 συνεχεῖ
773 1853 823 1921 καὶ
839 1854 983 1943 αἰσθητῷ.
1211 1873 1213 1876 ’

145 2075 148 2082 ·
232 2067 355 2134 Totam
368 2062 462 2135 hanc.
472 2053 750 2158 disputationem
769 2064 813 2136 de
837 2063 979 2137 infinito
988 2064 1018 2137 si
1030 2064 1152 2138 stricte
1168 2077 1202 2137 et
1220 2066 1307 2138 bre-

186 2175 275 2249 viter
293 2188 516 2270 repetamus,
543 2179 627 2251 inde
645 2179 896 2251 contrahemus
916 2178 1051 2251 nullam
1077 2201 1154 2251 esse
1178 2180 1306 2252 infini-

186 2303 257 2362 tam
272 2290 554 2384 magnitudinem
573 2291 754 2364 amateria
767 2306 978 2385 separatam,
994 2293 1132 2365 nulium
1145 2293 1306 2367 seorsum

186 2426 206 2476 a
234 2405 445 2503 corporibus
468 2406 641 2502 spatium,
665 2429 737 2478 non
765 2418 922 2498 motum,
956 2429 1027 2479 non
1056 2421 1195 2504 tempus
1228 2409 1308 2499 sine

187 2523 308 2618 aliqua
330 2543 499 2617 corporea
514 2521 608 2593 mole
630 2533 809 2613 constare3
830 2522 919 2603 nihil
934 2522 1090 2618 denique
1106 2546 1183 2600 esse
1203 2522 1309 2619 plane

188 2652 223 2711 et
240 2637 400 2709 absolute
420 2636 625 2731 infinitum3
646 2636 708 2711 sed
729 2651 866 2710 tanturn
883 2638 962 2710 fieri
990 2638 1166 2710 infinitam
1190 2654 1309 2712 motus

189 2752 410 2827 iterationem
424 2805 434 2843 ‚
448 2752 620 2846 temporis
638 2776 782 2825 cursum
804 2753 1006 2840 infinitum,
1028 2753 1065 2823 in
1083 2754 1309 2847 portesinsr-

178 2870 280 2941 nitas
294 2890 376 2939 cum
392 2865 656 2963 magnitudines
672 2880 748 2939 tum
762 2890 912 2962 corpora
930 2854 1034 2962 posse
1051 2868 1184 2941 divelli.

730 3150 772 3214 V.

245 3388 294 3453 Ex
313 3380 370 3453 his
384 3379 562 3475 conjicere
576 3378 658 3451 iicet
672 3376 762 3472 quid
784 3377 955 3475 despatio
973 3391 1008 3449 et
1025 3378 1144 3471 inani,
1165 3377 1253 3474 quid
1270 3379 1323 3451 de
1384 3457 1395 3475 ἐ

196 3495 367 3591 temporis
386 3507 511 3566 natura
530 3493 682 3565 senserit
700 3491 921 3565 Aristoteles.
938 3489 1090 3574 Quando
1116 3494 1214 3565 enim
1242 3515 1315 3566 uon

197 3624 249 3682 est
263 3609 445 3704 spatiuma
462 3630 610 3702 corpore
628 3608 845 3703 sejunctum,
859 3621 977 3680 motus
995 3622 1136 3694 autem,
1153 3607 1317 3701 sineque

197 3747 270 3795 non
289 3736 342 3795 est
361 3736 522 3818 tempus,
548 3745 687 3817 semper
717 3735 796 3818 eget
819 3722 939 3818 aliqua
962 3722 1120 3816 subjecta
1148 3720 1316 3809 materia,

199 3861 310 3911 unum
324 3853 445 3925 restat,
463 3851 504 3909 ut
516 3850 646 3926 motus,
665 3853 805 3933 tempus
818 3849 852 3909 ct
866 3836 1021 3930 spatium
1034 3836 1155 3907 sintin
1170 3857 1319 3931 corpore

198 3953 337 4051 aliquid
348 3968 383 4027 et
396 3955 440 4026 de
452 3951 702 4026 iiiodicantur.
720 3959 770 4025 De
783 3952 898 4048 spatio
913 3946 1067 4048 primuni
1084 3952 1289 4025 viderimus.

207 4252 215 4265 ,
250 4175 547 4272 Quandoquidem
566 4196 606 4248 ea
632 4173 750 4247 omnia
770 4185 955 4245 morentur
981 4192 1218 4267 quaecumque
1236 4181 1321 4241 suut

1123 4288 1143 4344 2
