<?xml version="1.0" encoding="UTF-8"?>
<!DOCTYPE html PUBLIC "-//W3C//DTD XHTML 1.0 Transitional//EN"
    "http://www.w3.org/TR/xhtml1/DTD/xhtml1-transitional.dtd">
<html xmlns="http://www.w3.org/1999/xhtml" xml:lang="en" lang="en">
 <head>
  <title>
</title>
<meta http-equiv="Content-Type" content="text/html;charset=utf-8" />
  <meta name='ocr-system' content='tesseract 3.04.00' />
  <meta name='ocr-capabilities' content='ocr_page ocr_carea ocr_par ocr_line ocrx_word'/>
</head>
<body>
  <div class='ocr_page' id='page_1' title='image "./inaristotelispl01zvgoog_0041.png"; bbox 0 0 3025 4975; ppageno 0'>
   <div class='ocr_carea' id='block_1_1' title="bbox 576 464 734 525">
    <p class='ocr_par' dir='ltr' id='par_1_1' title="bbox 576 464 734 525">
     <span class='ocr_line' id='line_1_1' title="bbox 576 464 734 525; baseline 0 -17"><span class='ocrx_word' id='word_1_1' title='bbox 576 464 734 525; x_wconf 70' lang='lat'>„29-</span> 
     </span>
    </p>
   </div>
   <div class='ocr_carea' id='block_1_2' title="bbox 15 605 1215 714">
    <p class='ocr_par' dir='ltr' id='par_1_2' title="bbox 15 605 1215 714">
     <span class='ocr_line' id='line_1_2' title="bbox 15 605 1215 714; baseline -0.002 -28"><span class='ocrx_word' id='word_1_2' title='bbox 15 621 19 630; x_wconf 89' lang='grc'><strong><em>’</em></strong></span> <span class='ocrx_word' id='word_1_3' title='bbox 87 617 310 714; x_wconf 85' lang='lat' dir='ltr'>continuum</span> <span class='ocrx_word' id='word_1_4' title='bbox 326 605 530 710; x_wconf 67' lang='lat' dir='ltr'>nonspotest</span> <span class='ocrx_word' id='word_1_5' title='bbox 549 627 712 686; x_wconf 79' lang='lat' dir='ltr'>constare</span> <span class='ocrx_word' id='word_1_6' title='bbox 734 636 774 686; x_wconf 86' lang='lat' dir='ltr'>ex</span> <span class='ocrx_word' id='word_1_7' title='bbox 798 610 983 684; x_wconf 86' lang='lat' dir='ltr'>elementis</span> <span class='ocrx_word' id='word_1_8' title='bbox 1002 609 1215 701; x_wconf 84' lang='lat' dir='ltr'>individuis,</span> 
     </span>
    </p>
   </div>
   <div class='ocr_carea' id='block_1_3' title="bbox 89 728 1312 1398">
    <p class='ocr_par' dir='ltr' id='par_1_3' title="bbox 89 728 1312 1398">
     <span class='ocr_line' id='line_1_3' title="bbox 89 728 1216 826; baseline -0.001 -26"><span class='ocrx_word' id='word_1_9' title='bbox 89 731 212 826; x_wconf 89' lang='lat' dir='ltr'>aliquo</span> <span class='ocrx_word' id='word_1_10' title='bbox 238 730 422 803; x_wconf 87' lang='lat' dir='ltr'>intervallo</span> <span class='ocrx_word' id='word_1_11' title='bbox 445 728 760 824; x_wconf 61' lang='lat' dir='ltr'>disjunctis,‘cum</span> <span class='ocrx_word' id='word_1_12' title='bbox 785 728 831 801; x_wconf 89' lang='lat' dir='ltr'>sit</span> <span class='ocrx_word' id='word_1_13' title='bbox 851 750 990 823; x_wconf 80' lang='lat' dir='ltr'><strong>semper</strong></span> <span class='ocrx_word' id='word_1_14' title='bbox 1007 728 1100 799; x_wconf 90' lang='lat' dir='ltr'>inter</span> <span class='ocrx_word' id='word_1_15' title='bbox 1122 728 1216 799; x_wconf 84' lang='lat' dir='ltr'>varia</span> 
     </span>
     <span class='ocr_line' id='line_1_4' title="bbox 89 829 1312 939; baseline -0.002 -23"><span class='ocrx_word' id='word_1_16' title='bbox 89 859 269 918; x_wconf 89' lang='lat' dir='ltr'>momenta</span> <span class='ocrx_word' id='word_1_17' title='bbox 293 868 376 939; x_wconf 90' lang='lat' dir='ltr'>pars</span> <span class='ocrx_word' id='word_1_18' title='bbox 394 845 515 938; x_wconf 87' lang='lat' dir='ltr'>aliqua</span> <span class='ocrx_word' id='word_1_19' title='bbox 533 829 723 938; x_wconf 89' lang='lat' dir='ltr'>temporis,</span> <span class='ocrx_word' id='word_1_20' title='bbox 746 843 989 938; x_wconf 86' lang='lat' dir='ltr'>interpuncta</span> <span class='ocrx_word' id='word_1_21' title='bbox 1010 843 1118 917; x_wconf 84' lang='lat' dir='ltr'>linea.</span> <span class='ocrx_word' id='word_1_22' title='bbox 1144 849 1217 915; x_wconf 83' lang='lat' dir='ltr'>llo·</span> <span class='ocrx_word' id='word_1_23' title='bbox 1310 897 1312 904; x_wconf 33' lang='lat' dir='ltr'><strong><em>s</em></strong></span> 
     </span>
     <span class='ocr_line' id='line_1_5' title="bbox 91 958 1213 1054; baseline -0.002 -20"><span class='ocrx_word' id='word_1_24' title='bbox 91 976 172 1034; x_wconf 89' lang='lat' dir='ltr'>tum</span> <span class='ocrx_word' id='word_1_25' title='bbox 188 961 311 1046; x_wconf 86' lang='lat' dir='ltr'>etiam‚</span> <span class='ocrx_word' id='word_1_26' title='bbox 331 960 359 1031; x_wconf 90' lang='lat' dir='ltr'>si</span> <span class='ocrx_word' id='word_1_27' title='bbox 374 960 419 1031; x_wconf 90' lang='lat' dir='ltr'>sit</span> <span class='ocrx_word' id='word_1_28' title='bbox 433 959 642 1045; x_wconf 89' lang='lat' dir='ltr'>continuus,</span> <span class='ocrx_word' id='word_1_29' title='bbox 664 981 734 1032; x_wconf 90' lang='lat' dir='ltr'>uon</span> <span class='ocrx_word' id='word_1_30' title='bbox 751 972 913 1031; x_wconf 81' lang='lat' dir='ltr'>constare</span> <span class='ocrx_word' id='word_1_31' title='bbox 924 981 966 1030; x_wconf 82' lang='lat' dir='ltr'>ex</span> <span class='ocrx_word' id='word_1_32' title='bbox 979 958 1141 1054; x_wconf 84' lang='lat' dir='ltr'>partibus</span> <span class='ocrx_word' id='word_1_33' title='bbox 1156 964 1213 1032; x_wconf 91' lang='lat' dir='ltr'>in·</span> 
     </span>
     <span class='ocr_line' id='line_1_6' title="bbox 91 1073 1219 1172; baseline -0.003 -24"><span class='ocrx_word' id='word_1_34' title='bbox 91 1074 248 1148; x_wconf 86' lang='lat' dir='ltr'>dividuis</span> <span class='ocrx_word' id='word_1_35' title='bbox 265 1077 384 1165; x_wconf 87' lang='lat' dir='ltr'>docet,</span> <span class='ocrx_word' id='word_1_36' title='bbox 406 1075 576 1169; x_wconf 87' lang='lat' dir='ltr'>quoniam</span> <span class='ocrx_word' id='word_1_37' title='bbox 604 1074 634 1146; x_wconf 92' lang='lat' dir='ltr'>si</span> <span class='ocrx_word' id='word_1_38' title='bbox 656 1075 703 1146; x_wconf 89' lang='lat' dir='ltr'>ita</span> <span class='ocrx_word' id='word_1_39' title='bbox 722 1074 768 1145; x_wconf 90' lang='lat' dir='ltr'>sit</span> <span class='ocrx_word' id='word_1_40' title='bbox 788 1073 1024 1172; x_wconf 86' lang='lat' dir='ltr'>compositus,</span> <span class='ocrx_word' id='word_1_41' title='bbox 1041 1097 1219 1169; x_wconf 83' lang='lat' dir='ltr'>unaquae-</span> 
     </span>
     <span class='ocr_line' id='line_1_7' title="bbox 93 1185 1232 1285; baseline 0.001 -26"><span class='ocrx_word' id='word_1_42' title='bbox 93 1213 166 1284; x_wconf 91' lang='lat' dir='ltr'>que</span> <span class='ocrx_word' id='word_1_43' title='bbox 182 1188 329 1260; x_wconf 89' lang='lat' dir='ltr'>istarum</span> <span class='ocrx_word' id='word_1_44' title='bbox 343 1188 501 1283; x_wconf 88' lang='lat' dir='ltr'>partium</span> <span class='ocrx_word' id='word_1_45' title='bbox 519 1189 630 1283; x_wconf 86' lang='lat' dir='ltr'>spatio</span> <span class='ocrx_word' id='word_1_46' title='bbox 646 1188 682 1258; x_wconf 94' lang='lat' dir='ltr'>in</span> <span class='ocrx_word' id='word_1_47' title='bbox 701 1211 772 1259; x_wconf 92' lang='lat' dir='ltr'>uno</span> <span class='ocrx_word' id='word_1_48' title='bbox 784 1200 820 1259; x_wconf 89' lang='lat' dir='ltr'>et</span> <span class='ocrx_word' id='word_1_49' title='bbox 840 1185 1039 1276; x_wconf 87' lang='lat' dir='ltr'>individuo,</span> <span class='ocrx_word' id='word_1_50' title='bbox 1050 1194 1079 1262; x_wconf 79' lang='grc' dir='ltr'>ἐν</span> <span class='ocrx_word' id='word_1_51' title='bbox 1096 1197 1211 1285; x_wconf 75' lang='grc' dir='ltr'>ἀτόμῳ,</span> <span class='ocrx_word' id='word_1_52' title='bbox 1228 1229 1232 1234; x_wconf 38' lang='lat' dir='ltr'>v</span> 
     </span>
     <span class='ocr_line' id='line_1_8' title="bbox 94 1300 1033 1398; baseline -0.001 -24"><span class='ocrx_word' id='word_1_53' title='bbox 94 1303 243 1376; x_wconf 87' lang='lat' dir='ltr'>immota</span> <span class='ocrx_word' id='word_1_54' title='bbox 262 1304 412 1395; x_wconf 76' lang='lat' dir='ltr'>haereat,</span> <span class='ocrx_word' id='word_1_55' title='bbox 442 1317 633 1398; x_wconf 89' lang='lat' dir='ltr'>motusque</span> <span class='ocrx_word' id='word_1_56' title='bbox 650 1313 788 1375; x_wconf 88' lang='lat' dir='ltr'>constet</span> <span class='ocrx_word' id='word_1_57' title='bbox 802 1323 844 1373; x_wconf 85' lang='lat' dir='ltr'>ex</span> <span class='ocrx_word' id='word_1_58' title='bbox 861 1300 1033 1373; x_wconf 84' lang='lat' dir='ltr'>immotis.</span> 
     </span>
    </p>
   </div>
   <div class='ocr_carea' id='block_1_4' title="bbox 98 1514 1222 1742">
    <p class='ocr_par' dir='ltr' id='par_1_4' title="bbox 98 1514 1222 1742">
     <span class='ocr_line' id='line_1_9' title="bbox 117 1514 1222 1627; baseline 0.001 -25"><span class='ocrx_word' id='word_1_59' title='bbox 117 1519 120 1525; x_wconf 69' lang='grc'>’</span> <span class='ocrx_word' id='word_1_60' title='bbox 149 1531 363 1603; x_wconf 84' lang='lat' dir='ltr'>Continuam</span> <span class='ocrx_word' id='word_1_61' title='bbox 388 1553 469 1603; x_wconf 86' lang='lat' dir='ltr'>vero</span> <span class='ocrx_word' id='word_1_62' title='bbox 494 1553 737 1603; x_wconf 90' lang='lat' dir='ltr'>esseomnem</span> <span class='ocrx_word' id='word_1_63' title='bbox 752 1530 1011 1626; x_wconf 85' lang='lat' dir='ltr'>longitudinem</span> <span class='ocrx_word' id='word_1_64' title='bbox 1038 1532 1091 1627; x_wconf 84' lang='lat' dir='ltr'>(l)</span> <span class='ocrx_word' id='word_1_65' title='bbox 1112 1514 1154 1604; x_wconf 73' lang='lat' dir='ltr'>en</span> <span class='ocrx_word' id='word_1_66' title='bbox 1180 1555 1222 1604; x_wconf 92' lang='lat' dir='ltr'>eo</span> 
     </span>
     <span class='ocr_line' id='line_1_10' title="bbox 98 1641 1219 1742; baseline 0.001 -26"><span class='ocrx_word' id='word_1_67' title='bbox 98 1641 390 1741; x_wconf 56' lang='lat' dir='ltr'>concludit&#39;quod</span> <span class='ocrx_word' id='word_1_68' title='bbox 403 1644 566 1718; x_wconf 77' lang='lat' dir='ltr'>bifariam</span> <span class='ocrx_word' id='word_1_69' title='bbox 577 1645 685 1718; x_wconf 89' lang='lat' dir='ltr'>dividi</span> <span class='ocrx_word' id='word_1_70' title='bbox 696 1657 812 1741; x_wconf 85' lang='lat' dir='ltr'>potest</span> <span class='ocrx_word' id='word_1_71' title='bbox 828 1643 941 1742; x_wconf 89' lang='lat' dir='ltr'>usque</span> <span class='ocrx_word' id='word_1_72' title='bbox 956 1646 1000 1718; x_wconf 91' lang='lat' dir='ltr'>ad</span> <span class='ocrx_word' id='word_1_73' title='bbox 1015 1647 1219 1742; x_wconf 81' lang='lat' dir='ltr'>inlinitum3</span> 
     </span>
    </p>
   </div>
   <div class='ocr_carea' id='block_1_5' title="bbox 12 1757 1223 1969">
    <p class='ocr_par' dir='ltr' id='par_1_5' title="bbox 12 1757 1223 1969">
     <span class='ocr_line' id='line_1_11' title="bbox 12 1757 1221 1870; baseline 0.002 -39"><span class='ocrx_word' id='word_1_74' title='bbox 12 1843 20 1870; x_wconf 43' lang='grc' dir='ltr'>Γ</span> <span class='ocrx_word' id='word_1_75' title='bbox 97 1758 242 1856; x_wconf 85' lang='lat' dir='ltr'>quodsi</span> <span class='ocrx_word' id='word_1_76' title='bbox 253 1760 424 1834; x_wconf 88' lang='lat' dir='ltr'>continua</span> <span class='ocrx_word' id='word_1_77' title='bbox 437 1760 482 1833; x_wconf 86' lang='lat' dir='ltr'>sit</span> <span class='ocrx_word' id='word_1_78' title='bbox 497 1783 536 1832; x_wconf 86' lang='lat' dir='ltr'>ea</span> <span class='ocrx_word' id='word_1_79' title='bbox 551 1760 735 1854; x_wconf 84' lang='lat' dir='ltr'>longitudo</span> <span class='ocrx_word' id='word_1_80' title='bbox 750 1761 787 1830; x_wconf 95' lang='lat' dir='ltr'>in</span> <span class='ocrx_word' id='word_1_81' title='bbox 804 1783 873 1855; x_wconf 91' lang='lat' dir='ltr'>qua</span> <span class='ocrx_word' id='word_1_82' title='bbox 893 1774 1053 1833; x_wconf 91' lang='lat' dir='ltr'>movetur</span> <span class='ocrx_word' id='word_1_83' title='bbox 1071 1757 1221 1856; x_wconf 68' lang='lat' dir='ltr'>aliquid</span> 
     </span>
     <span class='ocr_line' id='line_1_12' title="bbox 12 1873 1223 1969; baseline 0.002 -25"><span class='ocrx_word' id='word_1_84' title='bbox 12 1873 13 1876; x_wconf 70' lang='grc'>’</span> <span class='ocrx_word' id='word_1_85' title='bbox 99 1874 185 1947; x_wconf 92' lang='lat' dir='ltr'>ilico</span> <span class='ocrx_word' id='word_1_86' title='bbox 202 1886 337 1947; x_wconf 90' lang='lat' dir='ltr'>motum</span> <span class='ocrx_word' id='word_1_87' title='bbox 358 1898 435 1947; x_wconf 87' lang='lat' dir='ltr'>esse</span> <span class='ocrx_word' id='word_1_88' title='bbox 453 1874 663 1947; x_wconf 90' lang='lat' dir='ltr'>continuum</span> <span class='ocrx_word' id='word_1_89' title='bbox 682 1877 757 1966; x_wconf 70' lang='lat'><strong>(2),</strong></span> <span class='ocrx_word' id='word_1_90' title='bbox 778 1888 992 1969; x_wconf 89' lang='lat' dir='ltr'>tempusque</span> <span class='ocrx_word' id='word_1_91' title='bbox 1009 1875 1118 1948; x_wconf 91' lang='lat' dir='ltr'>etiam</span> <span class='ocrx_word' id='word_1_92' title='bbox 1131 1898 1223 1947; x_wconf 88' lang='lat' dir='ltr'>con-</span> 
     </span>
    </p>
   </div>
   <div class='ocr_carea' id='block_1_6' title="bbox 100 1988 1226 2517">
    <p class='ocr_par' dir='ltr' id='par_1_6' title="bbox 100 1988 1226 2517">
     <span class='ocr_line' id='line_1_13' title="bbox 100 1988 1226 2084; baseline -0.002 -21"><span class='ocrx_word' id='word_1_93' title='bbox 100 1990 278 2084; x_wconf 87' lang='lat' dir='ltr'>sequitur,</span> <span class='ocrx_word' id='word_1_94' title='bbox 298 2002 333 2061; x_wconf 90' lang='lat' dir='ltr'>et</span> <span class='ocrx_word' id='word_1_95' title='bbox 352 1989 560 2084; x_wconf 83' lang='lat' dir='ltr'>inutraque</span> <span class='ocrx_word' id='word_1_96' title='bbox 578 1988 753 2060; x_wconf 87' lang='lat' dir='ltr'>infinitam</span> <span class='ocrx_word' id='word_1_97' title='bbox 772 1989 848 2060; x_wconf 90' lang='lat' dir='ltr'>fieri</span> <span class='ocrx_word' id='word_1_98' title='bbox 868 2011 972 2081; x_wconf 86' lang='lat' dir='ltr'>posse</span> <span class='ocrx_word' id='word_1_99' title='bbox 990 1990 1146 2084; x_wconf 77' lang='lat' dir='ltr'>partium</span> <span class='ocrx_word' id='word_1_100' title='bbox 1167 1990 1226 2061; x_wconf 93' lang='lat' dir='ltr'>di-</span> 
     </span>
     <span class='ocr_line' id='line_1_14' title="bbox 100 2101 1225 2199; baseline -0.003 -24"><span class='ocrx_word' id='word_1_101' title='bbox 100 2104 289 2175; x_wconf 83' lang='lat' dir='ltr'>visionem.</span> <span class='ocrx_word' id='word_1_102' title='bbox 312 2101 408 2173; x_wconf 91' lang='lat' dir='ltr'>Nihil</span> <span class='ocrx_word' id='word_1_103' title='bbox 428 2115 480 2173; x_wconf 91' lang='lat' dir='ltr'>est</span> <span class='ocrx_word' id='word_1_104' title='bbox 497 2102 606 2197; x_wconf 89' lang='lat' dir='ltr'>igitur</span> <span class='ocrx_word' id='word_1_105' title='bbox 624 2102 661 2172; x_wconf 94' lang='lat' dir='ltr'>in</span> <span class='ocrx_word' id='word_1_106' title='bbox 683 2117 843 2199; x_wconf 88' lang='lat' dir='ltr'>temporo</span> <span class='ocrx_word' id='word_1_107' title='bbox 868 2102 1106 2189; x_wconf 89' lang='lat' dir='ltr'>individuum,</span> <span class='ocrx_word' id='word_1_108' title='bbox 1128 2103 1225 2173; x_wconf 91' lang='lat' dir='ltr'>nulla</span> 
     </span>
     <span class='ocr_line' id='line_1_15' title="bbox 101 2213 1224 2313; baseline -0.004 -24"><span class='ocrx_word' id='word_1_109' title='bbox 101 2218 140 2289; x_wconf 93' lang='lat' dir='ltr'>in</span> <span class='ocrx_word' id='word_1_110' title='bbox 155 2239 196 2289; x_wconf 88' lang='lat' dir='ltr'>eo</span> <span class='ocrx_word' id='word_1_111' title='bbox 214 2216 254 2287; x_wconf 85' lang='lat' dir='ltr'>tit</span> <span class='ocrx_word' id='word_1_112' title='bbox 267 2214 483 2287; x_wconf 90' lang='lat' dir='ltr'>intermissio</span> <span class='ocrx_word' id='word_1_113' title='bbox 502 2229 632 2304; x_wconf 78' lang='lat' dir='ltr'>metm,</span> <span class='ocrx_word' id='word_1_114' title='bbox 651 2216 791 2286; x_wconf 89' lang='lat' dir='ltr'>nullum</span> <span class='ocrx_word' id='word_1_115' title='bbox 807 2214 963 2308; x_wconf 87' lang='lat' dir='ltr'>denique</span> <span class='ocrx_word' id='word_1_116' title='bbox 981 2229 1035 2289; x_wconf 90' lang='lat' dir='ltr'>est</span> <span class='ocrx_word' id='word_1_117' title='bbox 1051 2213 1224 2313; x_wconf 83' lang='lat' dir='ltr'>punctum</span> 
     </span>
     <span class='ocr_line' id='line_1_16' title="bbox 103 2323 1225 2424; baseline 0.005 -24"><span class='ocrx_word' id='word_1_118' title='bbox 103 2323 234 2424; x_wconf 86' lang='lat' dir='ltr'>inquo</span> <span class='ocrx_word' id='word_1_119' title='bbox 255 2340 348 2400; x_wconf 85' lang='lat' dir='ltr'>stare</span> <span class='ocrx_word' id='word_1_120' title='bbox 372 2327 505 2423; x_wconf 89' lang='lat' dir='ltr'>aliquid</span> <span class='ocrx_word' id='word_1_121' title='bbox 530 2327 686 2416; x_wconf 86' lang='lat' dir='ltr'>dicatur,</span> <span class='ocrx_word' id='word_1_122' title='bbox 707 2328 879 2424; x_wconf 91' lang='lat' dir='ltr'>quoniam</span> <span class='ocrx_word' id='word_1_123' title='bbox 894 2337 1011 2403; x_wconf 90' lang='lat' dir='ltr'>motus</span> <span class='ocrx_word' id='word_1_124' title='bbox 1030 2343 1065 2403; x_wconf 89' lang='lat' dir='ltr'>et</span> <span class='ocrx_word' id='word_1_125' title='bbox 1086 2347 1225 2424; x_wconf 84' lang='lat' dir='ltr'>tempus</span> 
     </span>
     <span class='ocr_line' id='line_1_17' title="bbox 103 2442 980 2517; baseline -0.001 -2"><span class='ocrx_word' id='word_1_126' title='bbox 103 2443 241 2517; x_wconf 84' lang='lat' dir='ltr'>infinite</span> <span class='ocrx_word' id='word_1_127' title='bbox 259 2442 417 2517; x_wconf 88' lang='lat' dir='ltr'>dividua.</span> <span class='ocrx_word' id='word_1_128' title='bbox 975 2457 980 2470; x_wconf 80' lang='grc'><em>’</em></span> 
     </span>
    </p>
   </div>
   <div class='ocr_carea' id='block_1_7' title="bbox 106 2684 1247 3702">
    <p class='ocr_par' dir='ltr' id='par_1_7' title="bbox 106 2680 1247 3702">
     <span class='ocr_line' id='line_1_18' title="bbox 156 2684 1228 2785; baseline 0.005 -29"><span class='ocrx_word' id='word_1_129' title='bbox 156 2685 218 2757; x_wconf 90' lang='lat' dir='ltr'>His</span> <span class='ocrx_word' id='word_1_130' title='bbox 244 2684 389 2781; x_wconf 83' lang='lat' dir='ltr'>positis,</span> <span class='ocrx_word' id='word_1_131' title='bbox 418 2685 637 2758; x_wconf 81' lang='lat' dir='ltr'>ratiunculas</span> <span class='ocrx_word' id='word_1_132' title='bbox 666 2709 755 2780; x_wconf 88' lang='lat' dir='ltr'>quas</span> <span class='ocrx_word' id='word_1_133' title='bbox 780 2686 962 2759; x_wconf 89' lang='lat' dir='ltr'>concludit</span> <span class='ocrx_word' id='word_1_134' title='bbox 980 2693 1075 2785; x_wconf 84' lang='lat' dir='ltr'>Zeno</span> <span class='ocrx_word' id='word_1_135' title='bbox 1089 2689 1228 2761; x_wconf 88' lang='lat' dir='ltr'>diluere</span> 
     </span>
     <span class='ocr_line' id='line_1_19' title="bbox 106 2797 1226 2897; baseline 0.006 -30"><span class='ocrx_word' id='word_1_136' title='bbox 106 2797 202 2871; x_wconf 86' lang='lat' dir='ltr'>haud</span> <span class='ocrx_word' id='word_1_137' title='bbox 223 2800 271 2872; x_wconf 91' lang='lat' dir='ltr'>ita</span> <span class='ocrx_word' id='word_1_138' title='bbox 291 2799 410 2894; x_wconf 90' lang='lat' dir='ltr'>magni</span> <span class='ocrx_word' id='word_1_139' title='bbox 426 2800 544 2893; x_wconf 85' lang='lat' dir='ltr'>operis</span> <span class='ocrx_word' id='word_1_140' title='bbox 563 2813 616 2872; x_wconf 90' lang='lat' dir='ltr'>est</span> <span class='ocrx_word' id='word_1_141' title='bbox 638 2804 704 2897; x_wconf 81' lang='lat'>(3).</span> <span class='ocrx_word' id='word_1_142' title='bbox 724 2800 829 2894; x_wconf 86' lang='lat' dir='ltr'>Apud</span> <span class='ocrx_word' id='word_1_143' title='bbox 857 2824 938 2873; x_wconf 91' lang='lat' dir='ltr'>eum</span> <span class='ocrx_word' id='word_1_144' title='bbox 965 2803 1061 2874; x_wconf 91' lang='lat' dir='ltr'>enim</span> <span class='ocrx_word' id='word_1_145' title='bbox 1090 2820 1226 2877; x_wconf 93' lang='lat' dir='ltr'>motum</span> 
     </span>
     <span class='ocr_line' id='line_1_20' title="bbox 109 2913 1227 3014; baseline 0.005 -31"><span class='ocrx_word' id='word_1_146' title='bbox 109 2913 248 2986; x_wconf 91' lang='lat' dir='ltr'>nullum</span> <span class='ocrx_word' id='word_1_147' title='bbox 268 2916 375 3010; x_wconf 85' lang='lat' dir='ltr'>plane</span> <span class='ocrx_word' id='word_1_148' title='bbox 391 2938 468 2987; x_wconf 87' lang='lat' dir='ltr'>esse</span> <span class='ocrx_word' id='word_1_149' title='bbox 487 2937 529 2986; x_wconf 85' lang='lat' dir='ltr'>ex</span> <span class='ocrx_word' id='word_1_150' title='bbox 552 2913 692 2989; x_wconf 89' lang='lat' dir='ltr'>duobus</span> <span class='ocrx_word' id='word_1_151' title='bbox 712 2917 909 3009; x_wconf 86' lang='lat' dir='ltr'>praesertim</span> <span class='ocrx_word' id='word_1_152' title='bbox 934 2919 1128 3014; x_wconf 84' lang='lat' dir='ltr'>colligitur,</span> <span class='ocrx_word' id='word_1_153' title='bbox 1153 2935 1227 2991; x_wconf 87' lang='lat' dir='ltr'>tum</span> 
     </span>
     <span class='ocr_line' id='line_1_21' title="bbox 108 3029 1229 3127; baseline 0.006 -29"><span class='ocrx_word' id='word_1_154' title='bbox 108 3050 149 3098; x_wconf 82' lang='lat' dir='ltr'>en</span> <span class='ocrx_word' id='word_1_155' title='bbox 172 3051 213 3100; x_wconf 90' lang='lat' dir='ltr'>eo</span> <span class='ocrx_word' id='word_1_156' title='bbox 233 3031 328 3122; x_wconf 88' lang='lat' dir='ltr'>quod</span> <span class='ocrx_word' id='word_1_157' title='bbox 350 3029 452 3101; x_wconf 86' lang='lat' dir='ltr'>finito</span> <span class='ocrx_word' id='word_1_158' title='bbox 472 3029 509 3100; x_wconf 94' lang='lat' dir='ltr'>in</span> <span class='ocrx_word' id='word_1_159' title='bbox 530 3032 691 3125; x_wconf 82' lang='lat' dir='ltr'>tempore</span> <span class='ocrx_word' id='word_1_160' title='bbox 710 3054 767 3103; x_wconf 87' lang='lat' dir='ltr'>res</span> <span class='ocrx_word' id='word_1_161' title='bbox 789 3032 886 3104; x_wconf 88' lang='lat' dir='ltr'>nulla</span> <span class='ocrx_word' id='word_1_162' title='bbox 910 3033 1062 3127; x_wconf 85' lang='lat' dir='ltr'>spatium</span> <span class='ocrx_word' id='word_1_163' title='bbox 1085 3034 1229 3107; x_wconf 89' lang='lat' dir='ltr'>linitum</span> 
     </span>
     <span class='ocr_line' id='line_1_22' title="bbox 107 3143 1228 3243; baseline 0.008 -31"><span class='ocrx_word' id='word_1_164' title='bbox 107 3156 223 3236; x_wconf 86' lang='lat' dir='ltr'>potest</span> <span class='ocrx_word' id='word_1_165' title='bbox 239 3143 470 3237; x_wconf 84' lang='lat' dir='ltr'>pertransire,</span> <span class='ocrx_word' id='word_1_166' title='bbox 494 3145 661 3239; x_wconf 89' lang='lat' dir='ltr'>quoniam</span> <span class='ocrx_word' id='word_1_167' title='bbox 678 3145 804 3237; x_wconf 20' lang='lat' dir='ltr'>omnis.</span> <span class='ocrx_word' id='word_1_168' title='bbox 816 3147 998 3243; x_wconf 87' lang='lat' dir='ltr'>longitudo</span> <span class='ocrx_word' id='word_1_169' title='bbox 1018 3149 1052 3219; x_wconf 95' lang='lat' dir='ltr'>in</span> <span class='ocrx_word' id='word_1_170' title='bbox 1070 3149 1228 3223; x_wconf 86' lang='lat' dir='ltr'>infinitas</span> 
     </span>
     <span class='ocr_line' id='line_1_23' title="bbox 109 3258 1229 3356; baseline 0.008 -30"><span class='ocrx_word' id='word_1_171' title='bbox 109 3272 226 3351; x_wconf 85' lang='lat' dir='ltr'>partes</span> <span class='ocrx_word' id='word_1_172' title='bbox 241 3258 384 3330; x_wconf 86' lang='lat' dir='ltr'>dividua</span> <span class='ocrx_word' id='word_1_173' title='bbox 415 3273 493 3349; x_wconf 80' lang='lat' dir='ltr'>est3</span> <span class='ocrx_word' id='word_1_174' title='bbox 520 3270 597 3331; x_wconf 86' lang='lat' dir='ltr'>tum</span> <span class='ocrx_word' id='word_1_175' title='bbox 631 3261 727 3355; x_wconf 85' lang='lat' dir='ltr'>quia·</span> <span class='ocrx_word' id='word_1_176' title='bbox 745 3274 883 3332; x_wconf 87' lang='lat' dir='ltr'>constat</span> <span class='ocrx_word' id='word_1_177' title='bbox 912 3278 1053 3356; x_wconf 76' lang='lat' dir='ltr'>tenipus</span> <span class='ocrx_word' id='word_1_178' title='bbox 1076 3286 1117 3335; x_wconf 85' lang='lat' dir='ltr'>ex</span> <span class='ocrx_word' id='word_1_179' title='bbox 1150 3287 1229 3335; x_wconf 92' lang='lat' dir='ltr'>mo·</span> 
     </span>
     <span class='ocr_line' id='line_1_24' title="bbox 111 3370 1233 3474; baseline 0.01 -33"><span class='ocrx_word' id='word_1_180' title='bbox 111 3370 239 3442; x_wconf 91' lang='lat' dir='ltr'>mentis</span> <span class='ocrx_word' id='word_1_181' title='bbox 253 3370 447 3474; x_wconf 82' lang='lat' dir='ltr'>individuis</span> <span class='ocrx_word' id='word_1_182' title='bbox 466 3376 504 3443; x_wconf 94' lang='lat' dir='ltr'>in</span> <span class='ocrx_word' id='word_1_183' title='bbox 520 3373 653 3468; x_wconf 89' lang='lat' dir='ltr'>quibus</span> <span class='ocrx_word' id='word_1_184' title='bbox 667 3373 759 3445; x_wconf 91' lang='lat' dir='ltr'>nihil</span> <span class='ocrx_word' id='word_1_185' title='bbox 778 3388 893 3469; x_wconf 86' lang='lat' dir='ltr'>potest</span> <span class='ocrx_word' id='word_1_186' title='bbox 913 3376 1058 3449; x_wconf 89' lang='lat' dir='ltr'>moveri.</span> <span class='ocrx_word' id='word_1_187' title='bbox 1075 3383 1233 3462; x_wconf 85' lang='lat' dir='ltr'>Quaear·</span> 
     </span>
     <span class='ocr_line' id='line_1_25' title="bbox 111 3488 1231 3593; baseline 0.013 -39"><span class='ocrx_word' id='word_1_188' title='bbox 111 3499 278 3580; x_wconf 88' lang='lat' dir='ltr'>gumenta</span> <span class='ocrx_word' id='word_1_189' title='bbox 295 3488 437 3561; x_wconf 85' lang='lat' dir='ltr'>abunde</span> <span class='ocrx_word' id='word_1_190' title='bbox 452 3488 685 3562; x_wconf 81' lang='lat' dir='ltr'>confutantur</span> <span class='ocrx_word' id='word_1_191' title='bbox 707 3489 759 3593; x_wconf 64' lang='lat' dir='ltr'>si,⁴</span> <span class='ocrx_word' id='word_1_192' title='bbox 785 3505 824 3563; x_wconf 90' lang='lat' dir='ltr'>ut</span> <span class='ocrx_word' id='word_1_193' title='bbox 843 3491 1065 3584; x_wconf 87' lang='lat' dir='ltr'>dictumest,</span> <span class='ocrx_word' id='word_1_194' title='bbox 1091 3506 1231 3591; x_wconf 83' lang='lat' dir='ltr'>tempus</span> 
     </span>
     <span class='ocr_line' id='line_1_26' title="bbox 110 3604 1247 3702; baseline 0.009 -29"><span class='ocrx_word' id='word_1_195' title='bbox 110 3623 238 3689; x_wconf 82' lang='lat' dir='ltr'>omne,</span> <span class='ocrx_word' id='word_1_196' title='bbox 271 3605 571 3697; x_wconf 65' lang='lat' dir='ltr'>rguemadmodum</span> <span class='ocrx_word' id='word_1_197' title='bbox 598 3604 714 3678; x_wconf 92' lang='lat' dir='ltr'>omnis</span> <span class='ocrx_word' id='word_1_198' title='bbox 739 3605 949 3702; x_wconf 81' lang='lat' dir='ltr'>longitudo,</span> <span class='ocrx_word' id='word_1_199' title='bbox 977 3607 1168 3683; x_wconf 86' lang='lat' dir='ltr'>diducatur</span> <span class='ocrx_word' id='word_1_200' title='bbox 1195 3612 1247 3683; x_wconf 68' lang='lat' dir='ltr'>in&#39;</span> 
     </span>
    </p>
   </div>
   <div class='ocr_carea' id='block_1_8' title="bbox 149 3940 790 4197">
    <p class='ocr_par' dir='ltr' id='par_1_8' title="bbox 149 3940 790 4197">
     <span class='ocr_line' id='line_1_27' title="bbox 150 3940 657 4017; baseline 0.014 -20"><span class='ocrx_word' id='word_1_201' title='bbox 150 3940 188 4014; x_wconf 80' lang='lat'>(1)</span> <span class='ocrx_word' id='word_1_202' title='bbox 207 3941 268 3999; x_wconf 79' lang='lat' dir='ltr'>cn.</span> <span class='ocrx_word' id='word_1_203' title='bbox 283 3943 578 4017; x_wconf 74' lang='lat' dir='ltr'>v1,0ap.e‚f.2aa‚</span> <span class='ocrx_word' id='word_1_204' title='bbox 593 3947 657 4006; x_wconf 71' lang='lat' dir='ltr'>aas.</span> 
     </span>
     <span class='ocr_line' id='line_1_28' title="bbox 152 4030 790 4106; baseline 0.013 -20"><span class='ocrx_word' id='word_1_205' title='bbox 152 4031 188 4101; x_wconf 77' lang='lat' dir='ltr'>n)</span> <span class='ocrx_word' id='word_1_206' title='bbox 207 4031 270 4088; x_wconf 81' lang='lat' dir='ltr'>nn.</span> <span class='ocrx_word' id='word_1_207' title='bbox 283 4030 413 4106; x_wconf 57' lang='lat' dir='ltr'>vrato</span> <span class='ocrx_word' id='word_1_208' title='bbox 427 4035 455 4105; x_wconf 82' lang='lat'>5,</span> <span class='ocrx_word' id='word_1_209' title='bbox 470 4035 498 4104; x_wconf 85' lang='lat' dir='ltr'>o,</span> <span class='ocrx_word' id='word_1_210' title='bbox 511 4035 539 4102; x_wconf 83' lang='lat' dir='ltr'>r,</span> <span class='ocrx_word' id='word_1_211' title='bbox 552 4036 588 4104; x_wconf 86' lang='lat' dir='ltr'>s,</span> <span class='ocrx_word' id='word_1_212' title='bbox 603 4035 624 4093; x_wconf 84' lang='lat' dir='ltr'>r.</span> <span class='ocrx_word' id='word_1_213' title='bbox 641 4037 709 4106; x_wconf 72' lang='lat' dir='ltr'>aar»,</span> <span class='ocrx_word' id='word_1_214' title='bbox 724 4038 790 4095; x_wconf 82' lang='lat' dir='ltr'>eae.</span> 
     </span>
     <span class='ocr_line' id='line_1_29' title="bbox 149 4119 645 4197; baseline 0.014 -22"><span class='ocrx_word' id='word_1_215' title='bbox 149 4120 188 4196; x_wconf 70' lang='lat' dir='ltr'>(a)</span> <span class='ocrx_word' id='word_1_216' title='bbox 206 4119 270 4179; x_wconf 76' lang='lat' dir='ltr'>nro.</span> <span class='ocrx_word' id='word_1_217' title='bbox 283 4121 341 4188; x_wconf 82' lang='grc' dir='ltr'>νι,</span> <span class='ocrx_word' id='word_1_218' title='bbox 353 4139 414 4197; x_wconf 76' lang='lat' dir='ltr'>cap.</span> <span class='ocrx_word' id='word_1_219' title='bbox 427 4122 645 4197; x_wconf 51' lang='lat' dir='ltr'>grommo·</span> 
     </span>
    </p>
   </div>
   <div class='ocr_carea' id='block_1_9' title="bbox 0 0 1555 4975">
    <p class='ocr_par' dir='ltr' id='par_1_9' title="bbox 0 0 1555 4975">
     <span class='ocr_line' id='line_1_30' title="bbox 0 0 1555 4975; baseline 0 0"><span class='ocrx_word' id='word_1_220' title='bbox 0 0 1555 4975; x_wconf 95' lang='lat' dir='ltr'> </span> 
     </span>
    </p>
   </div>
  </div>
 </body>
</html>
