3025 4975
659 519 817 578 ...33-

172 664 300 741 silibus
310 679 347 740 et
359 665 396 738 in
411 680 510 761 parte
525 664 660 763 passiva
673 665 783 738 animi
799 665 946 754 versari,
964 665 1135 762 quoniam
1147 664 1184 739 id
1199 661 1296 762 quod

175 797 289 855 movet
302 804 441 878 semper
454 804 535 856 eum
554 805 596 856 eo
614 781 710 878 quod
725 795 885 855 movetur
898 793 932 853 et
945 781 1116 855 alteratur
1136 780 1297 878 copulari

173 920 316 971 necesse
347 909 413 971 est.
449 903 527 970 Non
558 911 656 971 recte
688 896 798 993 igitur
828 896 969 970 alterari
995 920 1116 970 rerum
1137 896 1298 970 habitum

172 1011 392 1100 dixerimuS,
420 1011 482 1085 sed
502 1013 622 1108 potius
648 1013 701 1085 his
723 1011 882 1085 alteratis
905 1034 986 1107 quae
1007 1011 1073 1084 sult
1090 1033 1216 1085 sensus
1238 1033 1298 1083 ca·

172 1129 263 1203 dunt
280 1127 433 1222 speciem
450 1126 685 1223 habitumque
697 1125 858 1222 generari
872 1140 933 1198 aut
945 1126 1125 1219 corrumpi
1142 1151 1152 1216 ;
1182 1148 1300 1199 exem·

172 1242 224 1337 pli
238 1255 355 1331 cause,
372 1265 445 1314 non
459 1241 629 1315 alteratur
641 1242 769 1329 homo,
787 1263 860 1314 non
874 1241 1022 1327 domus,
1038 1242 1101 1314 sed
1112 1239 1299 1313 immutata

122 1375 123 1378 ’
173 1359 321 1432 materia
346 1357 495 1430 sormam
514 1355 622 1453 atque
642 1358 804 1431 habitum
825 1357 1014 1454 proprium
1038 1355 1208 1431 induunt.
1231 1364 1301 1431 Eo·

173 1471 254 1546 dem
285 1471 390 1544 modo
417 1484 495 1543 tum
523 1473 629 1546 variae
668 1472 828 1568 corporis
859 1472 1043 1567 animique
1071 1471 1297 1563 affectiones,

173 1602 248 1662 tum
266 1587 413 1660 virtutes
430 1600 465 1661 et
485 1586 568 1660 vitia
587 1601 725 1662 mutato
743 1612 895 1685 corpore
910 1599 1159 1682 commotaque
1176 1599 1211 1660 et
1239 1599 1300 1659 ut·

170 1725 327 1799 eumque
343 1701 465 1775 allecta
484 1716 587 1797 parte
606 1703 728 1777 sensili
751 1703 863 1775 animi
889 1701 1100 1776 exoriuntur
1118 1713 1152 1773 et
1175 1724 1301 1775 vanes-

171 1832 275 1908 cunt,
300 1840 364 1910 per
394 1838 433 1888 se
464 1829 583 1889 autem
620 1837 738 1912 neque
768 1817 1039 1889 commoventur
1064 1837 1185 1908 neque
1215 1814 1298 1888 alfi-

167 1932 327 2005 eiuntur.
362 1930 472 2001 llltlto
504 1930 625 2002 minus
655 1929 763 2001 etiam
792 1929 1013 2002 intellectum
1048 1928 1167 2023 ipsum
1200 1952 1297 2002 com·

170 2044 302 2116 moveri
324 2058 359 2115 et
378 2042 474 2115 varie
494 2043 585 2115 affici
605 2056 755 2117 testatur
780 2043 1006 2134 Aristotelem
1041 2041 1175 2113 nullam
1196 2043 1291 2115 enim

171 2179 248 2230 esse
268 2156 366 2229 illius
381 2157 419 2227 in
438 2155 628 2229 ediscendo
646 2156 911 2244 alterationem,
935 2153 996 2229 sed
1014 2169 1148 2229 mutato
1166 2159 1296 2231 mentis

171 2271 314 2361 habitu,
359 2271 529 2366 varieque
553 2272 749 2366 composita
780 2289 879 2366 parte
904 2270 1025 2344 sensili
1049 2269 1181 2361 animi,
1215 2272 1303 2347 fieri.

168 2385 414 2483 cognitionem.
424 2399 532 2482 atque
549 2386 781 2460 oblivionem.

182 2602 188 2609 ’
219 2630 304 2697 Post
320 2646 398 2697 eam
417 2623 461 2696 tle
474 2622 603 2695 virtute
616 2634 653 2695 et
672 2620 774 2711 vitio,
792 2621 967 2718 variisque
986 2623 1144 2697 motibus
1161 2622 1290 2697 mentis

168 2737 461 2837 disputationem,
482 2761 554 2835 quo
574 2737 610 2809 in
629 2738 707 2811 loco
725 2737 924 2811 ostenditur
943 2760 1015 2833 quo
1032 2722 1124 2812 nexu
1138 2738 1292 2832 philoso-

167 2856 252 2953 plria
277 2853 419 2927 moralis
437 2853 617 2947 animique
633 2852 781 2925 scientia
808 2877 890 2925 cum
908 2853 1066 2949 physicis
1088 2855 1288 2932 rationibus

168 2970 427 3057 consocientur,
443 2967 597 3063 requirit
611 2967 818 3042 Aristoteles
831 2971 1011 3065 quomodo
1027 2969 1182 3043 conferri
1196 2971 1289 3046 inter

168 3109 205 3159 se
215 3085 304 3157 varii
315 3098 431 3156 motus
444 3082 663 3180 possint(l);
677 3081 774 3178 quod
790 3085 998 3181 neutiquam
1014 3108 1116 3178 posse
1129 3087 1281 3159 fierista·

167 3200 234 3274 tuit
247 3199 317 3272 nisi
338 3181 376 3270 iit
391 3197 514 3271 eodem
525 3198 776 3270 contineantur
788 3221 933 3294 genere;
955 3201 1088 3272 nullam
1105 3203 1288 3275 enimesse

165 3316 242 3410 ejus
261 3309 379 3410 quiin
396 3314 472 3385 loco
495 3312 535 3383 lit
557 3336 640 3384 cum
656 3312 863 3384 alteratione
881 3327 941 3387 aut
961 3314 1127 3386 auctione
1142 3338 1286 3410 compa·

164 3430 356 3523 rationem,
387 3451 489 3524 posse
507 3425 652 3523 quidem
684 3428 721 3500 in
747 3427 879 3500 iisdem
903 3429 1072 3524 temporis
1098 3431 1287 3505 momentis

170 3543 362 3635 contineri,
382 3549 444 3618 scd
463 3566 659 3639 numquam
677 3543 747 3616 diei
768 3544 861 3617 inter
872 3567 909 3617 se
921 3546 1096 3642 aequales,
1121 3547 1289 3639 majores·

170 3684 211 3734 ve
221 3674 281 3733 aut
295 3660 462 3733 minores.
477 3665 527 3730 Ne
538 3655 681 3730 omnem
695 3660 841 3755 quidem
857 3661 893 3732 in
906 3662 980 3734 loco
999 3661 1191 3734 motionem
1203 3683 1287 3735 cum

25 3716 28 3821 l
169 3775 327 3870 qualibet
358 3775 516 3869 ejusdem
548 3772 689 3868 generis
719 3776 1118 3868 essecomparandam,
1157 3774 1219 3847 sed
1246 3776 1284 3848 id
1343 3796 1346 3800 ⁴

202 4154 243 4227 (r)
262 4155 324 4214 trs.
340 4155 490 4227 vunan
503 4148 539 4223 t,
551 4152 571 4208 r.
584 4116 657 4225 ma,
668 4153 734 4213 ma.
746 4153 808 4213 ut.
821 4151 890 4227 vn,
902 4171 964 4228 cap.
977 4157 1010 4224 5,
1025 4151 1119 4209 taen.

1097 4247 1116 4305 a
