3025 4975
775 415 932 482 ..45-

291 563 458 644 delibavit
469 592 644 648 summam
660 583 820 660 naturas,
835 571 922 643 alter
938 569 975 642 in
990 566 1243 644 intimosillius
1255 588 1432 640 recessus
1510 551 1511 580 ¹

295 684 425 758 mentis
440 685 608 774 acumine
629 685 843 782 penetravit.

287 998 291 1004 .
345 930 448 1018 Quod
459 931 503 1014 ad
512 929 1203 1027 infinitumspadumattempusattinat,
1213 928 1428 1006 nullietiam

296 1047 458 1144 priorum
473 1045 599 1120 cedere
621 1045 828 1120 Aristoteles
842 1044 1000 1130 ridetur:
1020 1062 1101 1120 nam
1122 1068 1235 1142 mum
1254 1044 1428 1139 plerique

296 1162 442 1246 illorum
460 1159 614 1238 breviter
632 1174 668 1234 et
686 1172 725 1234 ut
748 1160 846 1242 aliud
861 1174 1005 1256 agentes
1021 1160 1087 1234 ista
1107 1159 1288 1255 principia
1310 1161 1428 1232 attin-

288 1289 399 1374 gant,
423 1288 460 1352 et
483 1275 613 1350 mentia
640 1287 780 1354 tantum
810 1276 975 1369 conjectu
1003 1275 1063 1349 illa
1080 1274 1303 1371 concipiant,
1327 1298 1429 1350 nun·

297 1414 405 1487 quam
427 1412 508 1464 tero
526 1389 647 1485 qualia
660 1390 735 1463 sint
753 1390 937 1484 proferant
956 1391 995 1466 in
1014 1389 1191 1476 medium,
1211 1390 1351 1485 primus
1366 1387 1428 1461 hic

286 1520 418 1584 ¹noster
435 1505 471 1576 in
485 1527 525 1577 ea
538 1505 738 1580 delinienda
759 1518 915 1580 mentem
932 1503 1104 1608 intendit,
1117 1516 1153 1578 et
1169 1503 1351 1599 aptissime
1365 1503 1428 1575 illa

299 1620 363 1692 toti
377 1642 451 1692 suaa
467 1618 667 1713 disciplinae
689 1622 951 1711 accommodam
967 1620 1004 1692 in
1019 1642 1063 1693 eo
1075 1633 1194 1723 tamen
1216 1618 1430 1696 claudicans

300 1733 397 1829 quod
416 1758 488 1810 non
503 1747 599 1810 extra
618 1757 789 1809 sensuum
817 1735 1019 1828 conjectum
1037 1733 1218 1808 inlinitum
1240 1732 1429 1806 continuat
1505 1753 1511 1786 2

301 1872 418 1945 neque
432 1865 572 1943 tempus
587 1874 606 1922 a
627 1866 728 1924 motu
740 1849 907 1944 sejungit,
920 1872 985 1922 neo
1000 1850 1155 1943 spatium
1166 1871 1187 1920 a
1199 1847 1426 1943 corporibus.

302 1964 371 2035 Sed
388 1988 459 2036 non
478 1964 590 2038 multo
603 1963 713 2038 sdtius
730 1965 812 2056 alii3
832 1987 957 2038 omnes
972 1963 1068 2036 enim
1083 1962 1134 2066 illi
1155 1963 1316 2058 priores,
1333 1962 1428 2036 inter

303 2102 392 2174 quos
409 2078 485 2174 ipse
504 2077 618 2170 Plato,
640 2103 712 2152 non
731 2094 827 2152 extra
841 2078 1012 2151 terminos
1032 2078 1226 2151 indelinitae
1240 2075 1428 2172 cujusdam

302 2193 550 2268 multitudinis
576 2194 755 2266 infinitum
776 2195 966 2268 extendere
982 2194 1166 2283 videntur,
1190 2214 1306 2288 neque
1336 2189 1429 2263 tem-

303 2331 371 2404 pus
385 2331 404 2379 a
420 2322 517 2382 motu
536 2325 598 2382 aut
615 2310 658 2382 ab
679 2310 754 2405 ipsa
786 2309 924 2406 sphaera
954 2308 1086 2381 coelesti
1119 2316 1296 2403 separare.
1321 2311 1431 2378 Recte

305 2435 422 2493 tamen
446 2422 590 2495 Eleatici
607 2435 643 2496 et
661 2421 736 2520 ipse
750 2423 847 2496 Plato
861 2426 935 2516 (l),
957 2445 1033 2496 esse
1051 2420 1185 2521 aliquid
1203 2421 1329 2509 inane,
1350 2440 1430 2521 spa-

307 2535 395 2609 tium
411 2560 540 2635 nempe
559 2562 727 2633 vacuum,
749 2540 874 2634 inquo
894 2561 1042 2633 corpora
1057 2538 1228 2610 serantur.
1245 2538 1310 2609 Vix
1331 2536 1428 2609 enim

305 2651 453 2748 intelligi
473 2667 589 2751 potest
609 2652 874 2727 Aristotelicum
900 2653 1018 2741 istud,
1051 2654 1196 2748 plenum
1222 2676 1299 2727 esse
1326 2677 1429 2727 omne

308 2768 478 2862 spatium,
496 2783 532 2842 et
552 2790 698 2864 corpora
717 2791 787 2841 non
802 2767 885 2839 ferri
899 2792 963 2863 per
976 2767 1100 2856 inane,
1119 2771 1181 2843 sed
1195 2769 1318 2843 librari
1338 2792 1428 2867 quo-

309 2883 389 2955 dam
406 2884 510 2955 modo
530 2907 673 2955 omnem
694 2883 821 2956 molem
840 2892 1065 2978 corpoream,
1088 2883 1136 2959 ita
1161 2897 1201 2958 ut
1222 2887 1266 2960 ad
1295 2896 1427 2963 motum

312 2996 400 3067 nihil
416 2998 574 3072 ediderat
593 2998 716 3089 inane,
738 2996 801 3070 sed
818 2998 936 3094 potius
955 2998 1099 3076 olliciat.
1168 3064 1170 3067 .

362 3226 431 3303 Sed
445 3229 480 3300 in
497 3253 538 3304 eo
555 3192 598 3307 ul
611 3231 737 3326 primis
751 3233 957 3307 Aristoteles
976 3235 1155 3310 antecellit
1168 3237 1255 3311 alios
1268 3236 1362 3335 quod
1376 3261 1427 3334 pe·
1449 3240 1452 3245 ’

314 3344 460 3420 netratis
479 3346 584 3419 altius
603 3349 737 3437 causis,
766 3350 1006 3445 detractisque
1036 3374 1118 3424 casu
1145 3365 1181 3425 et
1207 3353 1367 3440 fortuna,
1391 3352 1426 3424 in

313 3481 453 3532 stimmo
489 3458 615 3535 ordine
647 3477 810 3537 naturam
838 3488 980 3539 omnem
1005 3466 1202 3541 collocarit.
1233 3473 1319 3547 Nam
1351 3491 1426 3541 cum
1506 3504 1507 3569 p

315 3563 415 3635 multi
432 3563 577 3663 fortuito
590 3569 756 3641 accedere
773 3570 892 3643 omnia
917 3584 1125 3664 censerent3
1155 3572 1338 3661 siminus,
1356 3573 1427 3645 sor·
1505 3624 1506 3627 ,

315 3692 437 3751 tunam
456 3703 537 3751 cum
568 3695 686 3754 mente
711 3684 1007 3759 divisum-habere
1030 3686 1243 3783 imperium3
1270 3688 1425 3762 nonnulli

351 4031 391 4109 (l)
408 3992 772 4112 Tim.,p.58,ed.llecker.
