3025 4975
596 448 695 509 ..47
718 479 757 491 ...

113 594 279 672 amimtie
301 609 337 672 ot
353 593 559 692 dimdiaeq
576 597 636 671 alii
652 600 759 672 etiam
782 599 852 676 iate
882 613 919 673 et
940 598 1140 672 necessitati
1157 619 1236 694 per·

114 711 335 788 turbationes
353 735 474 788 aerum
487 714 705 807 tribuerent3
725 716 825 789 Plato
844 728 962 788 autem
982 727 1146 787 causatus
1161 734 1237 784 ma-

114 826 212 898 teriae
228 825 405 901 delectum
420 841 455 907 et
473 828 574 920 uitia,
592 829 680 901 nibil
695 832 788 904 ultra
804 831 1019 926 requireret3
1037 828 1100 902 ille
1115 841 1238 902 contra

115 942 273 1015 ostendit
294 941 450 1037 pendere
471 944 609 1046 abipso
638 946 821 1042 intellectu
845 968 966 1018 casum
984 958 1019 1017 et
1037 946 1235 1031 fortunam,

114 1058 325 1154 nullamque
342 1058 414 1129 vim
441 1058 571 1132 babere
590 1060 793 1155 propriam3
821 1076 855 1133 et
873 1075 1046 1155 quantum
1080 1059 1158 1132 beri
1177 1082 1240 1154 po·

116 1184 185 1245 test
199 1194 332 1244 caecum
348 1170 416 1246 boc
436 1172 546 1245 satum
567 1173 809 1270 insulsumque
828 1175 1069 1248 necessitatem
1085 1173 1240 1247 detrahit

118 1300 297 1360 emwm.

169 1538 239 1605 Nec
258 1534 377 1607 minus
396 1534 596 1610 institutam
620 1536 665 1610 de
684 1550 782 1610 motu
808 1525 1140 1632 contemplationem
1167 1539 1241 1609 lau·

121 1648 257 1720 (laveris
281 1648 415 1722 :multi
443 1651 540 1722 enim
576 1651 767 1724 extiterant
790 1651 853 1747 qui
873 1665 991 1724 motus
1018 1666 1181 1725 naturam
1207 1664 1242 1724 et

2 1827 3 1834 ,
121 1783 244 1834 causas
268 1778 453 1858 penetrare
471 1765 714 1860 susciperent3
744 1767 806 1837 sed
828 1779 887 1837 aut
914 1779 1051 1837 motum
1069 1778 1242 1838 aeternum
1310 1820 1313 1825 .

122 1899 199 1949 esse
219 1877 398 1965 arbitrati,
418 1891 456 1949 ut
468 1878 691 1951 Democritus
704 1893 738 1952 et
751 1878 913 1974 plerique
927 1881 1178 1975 physicorum,
1199 1901 1244 1952 ne

122 2012 264 2063 causam
287 1993 429 2087 quidem
457 1994 555 2065 illius
572 1995 666 2066 ultra
691 1997 920 2087 quaerendam
939 2015 1015 2066 esse
1031 1996 1242 2086 censebant3

123 2121 185 2176 aut
211 2103 254 2177 ad
269 2105 485 2178 intellectum
505 2105 740 2180 amicitiamve
759 2120 793 2179 et
811 2107 1024 2179 discordiam
1038 2093 1247 2202 confugien-

125 2233 198 2306 tes,
230 2221 437 2294 emittebant
452 2222 631 2318 quomodo
649 2236 767 2296 motus
781 2246 823 2295 ex
841 2223 896 2294 bis
907 2222 1068 2295 lontibus
1086 2245 1247 2294 nascere-

125 2345 206 2424 tnr3
236 2335 403 2431 plerique
429 2338 477 2408 de·
498 2360 638 2409 summo
663 2351 799 2410 metere
816 2351 877 2410 aut
904 2336 993 2408 nibil
1007 2349 1068 2410 aut
1085 2358 1198 2431 pauca
1214 2351 1247 2411 et

127 2450 342 2545 perobscura
377 2451 619 2537 disserebant,
650 2452 863 2548 intorques
894 2450 989 2522 Plato
1019 2464 1141 2522 natum
1173 2473 1250 2525 esse

125 2565 340 2660 aliquando,
374 2573 444 2638 Deo
464 2566 599 2655 ciente,
630 2566 792 2639 ordinem
821 2585 964 2654 rerum,
1007 2580 1142 2637 motum
1168 2589 1250 2640 vero

127 2693 229 2752 antea
250 2680 491 2754 inordinatum
510 2695 544 2755 et
567 2681 843 2776 incompositum
866 2679 1041 2770 extitisse3
1068 2679 1249 2752 Aristoteli

129 2818 211 2868 vero
231 2819 300 2868 non
320 2794 425 2869 modo
442 2810 575 2870 motum
607 2820 683 2871 esse
708 2811 883 2869 aeternum
916 2795 1047 2892 placet,
1069 2795 1131 2868 sed
1152 2793 1251 2867 ordi·

129 2912 335 2984 nemetiam
355 2936 474 2986 rerum
499 2928 691 3008 aptamque
710 2912 1023 3007 compositionem
1055 2910 1141 2981 nibil
1157 2909 1250 2982 enim

129 3024 166 3096 ln
182 3025 324 3098 aeternis
343 3051 416 3100 non
437 3027 503 3101 sibl
521 3040 705 3114 constare,
730 3026 822 3097 nibil
837 3026 951 3122 primo
974 3026 1009 3097 in
1039 3040 1157 3115 motu,
1184 3048 1254 3097 ma·

132 3153 238 3212 ncnte
259 3164 398 3236 semper
416 3166 488 3214 unc
511 3157 545 3214 et
570 3143 693 3227 eodem
708 3155 843 3214 aeterno
859 3141 1101 3228 moderatore,
1124 3140 1254 3212 immu-

133 3255 211 3326 tari.
231 3254 284 3327 Ad
307 3256 396 3343 boc,
420 3280 501 3328 cum
526 3256 689 3350 plerique
708 3257 766 3329 alii
791 3256 942 3328 strictim
961 3269 996 3325 et
1017 3246 1254 3326 communiter

132 3368 177 3442 de
196 3385 293 3442 motu
313 3369 505 3457 disserant,
522 3369 581 3442 ille
607 3385 729 3442 contra
748 3369 862 3441 varios
882 3382 998 3441 motus
1014 3368 1114 3462 quasi
1133 3367 1169 3438 in
1184 3368 1256 3441 ele-

132 3498 249 3557 menta
267 3507 330 3556 sua
349 3484 508 3572 resolvit,
535 3509 689 3580 moxque
707 3487 743 3557 in
770 3508 882 3556 unum
907 3497 1042 3555 motum
1062 3482 1204 3577 copulat
1222 3498 1258 3557 ct

133 3598 226 3670 bene
242 3598 441 3691 componit,
466 3614 681 3695 sumptoque
695 3624 726 3672 a
752 3613 850 3671 motu
876 3596 1055 3694 principio
1069 3594 1202 3669 sensim
1222 3607 1258 3668 et

134 3711 305 3809 gradatim
322 3715 366 3785 ad
386 3713 502 3808 ipsum
528 3727 701 3785 meterem
726 3725 962 3806 naturamque
978 3711 1073 3782 illius
1096 3709 1253 3799 accedit3

134 3840 223 3900 etex
250 3826 326 3921 ipsa
346 3827 457 3900 linitae
480 3841 617 3899 naturae
633 3841 668 3899 et
694 3826 880 3901 sensilium
898 3811 1199 3919 contemplatione
1211 3826 1257 3898 ad

2 4032 3 4039 ἵ
134 3963 277 4014 eausam
292 3943 462 4037 primam,
486 3942 730 4038 incorpoream
745 3954 783 4014 et
813 3939 1011 4029 infinitam,
1034 3939 1257 4033 nonconjec-

2 4066 3 4111 ἓ
24 4124 28 4127 ,
135 4069 215 4133 tura
227 4057 366 4154 aliqua,
387 4059 448 4132 sed
466 4057 710 4156 experimento
723 4068 760 4131 et
782 4055 918 4130 ratione
932 4054 1110 4138 evehitur.
1125 4057 1203 4140 Qua
1220 4055 1256 4136 in
