3025 4975
218 831 220 838 ·
256 797 331 865 Non
360 793 472 868 refert·
483 795 528 866 ad
551 816 671 866 rerum
697 793 882 867 scientiam
911 799 1115 894 percepisse
1137 825 1210 898 quo
1228 815 1329 899 pacto

207 904 346 1001 singula
374 930 527 1003 quaeque
562 908 599 979 in
633 908 807 981 universa,
827 914 1021 1006 generatim
1054 917 1328 1013 contrahantur3

207 1034 332 1094 natura
351 1022 445 1093 enim
466 1021 554 1092 nihil
575 1023 611 1092 ilr
642 1022 846 1096 universum
873 1049 986 1120 neque
1001 1031 1192 1125 generatim
1206 1047 1332 1127 protu-

207 1133 265 1228 lit3
299 1158 364 1208 nec
385 1136 483 1208 venit
508 1136 575 1208 sub
593 1136 704 1209 aciem
721 1139 909 1211 oculorum
932 1142 1039 1218 homo
1056 1148 1246 1242 generalis,
1269 1149 1331 1221 scd

123 1278 124 1281 ¹
208 1249 452 1345 particularis3
471 1273 536 1322 nec
554 1273 705 1343 usquam
720 1252 780 1323 illa
794 1255 993 1348 reperiatur
1011 1283 1118 1354 quam
1131 1263 1248 1348 Plato,
1269 1286 1331 1335 co·

206 1363 311 1459 gitata
321 1388 386 1438 sua
400 1363 444 1438 ad
459 1387 534 1436 rem
550 1367 760 1455 traducem,
783 1374 890 1442 ideam
903 1373 1049 1448 vocavit.
1064 1382 1156 1450 Sunt
1176 1401 1238 1451 sua
1254 1378 1330 1450 cui·
1363 1431 1365 1433 -

207 1480 444 1575 quepropria,
458 1502 530 1551 suac
545 1463 695 1575 singulis
713 1483 879 1579 virtutcS,
895 1511 958 1560 sua
973 1490 1023 1563 vis
1038 1506 1073 1564 ct
1089 1506 1235 1585 natura3
1253 1519 1329 1569 cam

207 1604 324 1663 autem
350 1592 525 1687 cujusque
545 1606 708 1666 naturam
725 1595 754 1668 si
772 1597 855 1691 quis
881 1603 1095 1696 experiendo
1111 1606 1149 1677 in
1173 1608 1329 1679 medium

207 1705 433 1799 produxerit,
451 1707 648 1782 doctrinam
665 1718 844 1785 vocamus.
868 1718 1135 1793 Retrahcndum
1156 1737 1209 1796 est
1221 1723 1330 1819 igitur

207 1821 334 1894 mentis
348 1844 496 1893 acumen
510 1823 554 1893 ab
569 1823 634 1895 ista
653 1838 722 1896 tam
738 1827 913 1903 celebrata
930 1834 1191 1911 universalitate
1208 1862 1329 1933 rarum

192 1937 291 2011 etin
312 1935 545 2032 singularium
564 1941 864 2036 contemplatione
881 1949 1119 2045 deligendum.

256 2168 301 2232 alt
321 2177 432 2254 quum
451 2159 579 2232 rationi
599 2160 933 2241 sitconsentaneum
953 2176 1006 2264 (l)
1034 2175 1176 2249 initium
1193 2181 1328 2253 sciendi

207 2275 400 2345 sumereab
410 2273 466 2345 his
480 2297 560 2370 quae
579 2275 832 2355 notioranobis
851 2300 957 2373 sunt,
987 2289 1114 2362 utindc
1124 2293 1167 2364 ad
1179 2295 1328 2367 obscura

206 2401 241 2458 et
252 2388 371 2481 ignota
387 2387 615 2476 accedamus,
633 2390 796 2466 universa
810 2408 929 2469 autem
942 2413 977 2472 et
995 2425 1124 2498 genera
1141 2430 1328 2502 quaesum-

205 2524 301 2573 mam
321 2525 440 2574 rerum
461 2503 647 2583 continent
671 2508 780 2603 magis
804 2513 965 2612 omnium
985 2520 1106 2613 oculos
1132 2545 1238 2617 quam
1257 2526 1330 2596 sin-

206 2619 288 2713 gula
306 2633 342 2694 et
365 2619 549 2694 individua
568 2622 779 2715 percellant,
805 2626 1072 2706 instaurandam
1092 2659 1167 2709 esse
1187 2640 1231 2711 ab
1251 2642 1328 2714 istis

207 2738 395 2833 generibus
414 2735 585 2810 rationem
607 2755 729 2812 censet
746 2734 976 2841 Aristotelesg
989 2771 1062 2822 non
1085 2751 1131 2841 ita
1156 2766 1272 2827 tamen
1289 2776 1329 2828 ut

208 2852 313 2926 defixi
335 2853 372 2925 in
391 2857 456 2926 hoc
481 2852 599 2949 primo
625 2854 858 2928 scientiarum
883 2860 993 2954 gradu
1023 2887 1247 2957 maneamus,
1263 2874 1326 2943 sed

205 2979 329 3040 contra
339 2967 480 3064 longius
492 2968 536 3039 ad
549 2958 683 3041 claram
698 2971 877 3066 cujusque
887 2974 938 3047 rei
957 2977 1116 3051 notitiam
1128 2986 1328 3079 progredia-

206 3107 301 3156 mur.
328 3083 491 3157 Proderit
513 3083 633 3181 itaque
647 3108 719 3157 non
735 3101 817 3160 ante
845 3090 960 3164 varios
979 3107 1097 3168 motus
1114 3097 1329 3195 longamque

206 3198 423 3271 naturalium
441 3199 680 3295 quaestionum
709 3201 836 3275 seriem
855 3206 1028 3300 attingere
1058 3213 1227 3304 quamde
1250 3214 1327 3309 ipso

205 3324 303 3384 motu
315 3367 326 3402 ,
345 3327 559 3409 'naturaque
588 3312 626 3383 in
663 3312 868 3407 universum
887 3315 1099 3418 caeterisque
1122 3324 1328 3418 ejusmodi,

205 3431 323 3526 qualia
335 3453 412 3504 esse
427 3430 624 3516 videantur,
638 3430 686 3503 sit
701 3431 792 3506 bene
802 3449 1038 3530 compertum.
1057 3444 1104 3509 Ea
1122 3453 1240 3512 autem
1254 3465 1326 3513 om-

206 3545 265 3618 nia
283 3568 396 3640 quum
420 3567 492 3617 non
518 3542 620 3639 aliter
651 3545 874 3621 innotescant
900 3573 1007 3646 quam
1034 3551 1065 3624 si
1085 3552 1122 3624 in
1154 3555 1327 3628 elementa

205 3660 321 3755 prima
348 3673 384 3733 ct
411 3657 591 3755 principia
630 3653 845 3751 resolvatur,
878 3686 898 3735 a
925 3666 1115 3761 principiis
1142 3669 1326 3742 ordiamur

205 3788 425 3850 necesscest.

247 4033 283 4106 (1)
302 4032 366 4092 Lib.
379 4031 411 4101 1,
424 4046 484 4108 cap.
499 4031 515 4092 1
532 4032 606 4100 etlt
620 4031 741 4102 Barka,
760 4032 780 4096 1.
796 4033 865 4104 181,
880 4034 949 4107 tam
964 4035 1014 4097 lib.
1030 4037 1087 4110 lll,
1102 4055 1165 4113 cap.
1180 4040 1213 4110 l,
1227 4040 1247 4095 1.
1261 4040 1325 4096 aot.
