3025 4975
730 463 897 519 -5a-.

244 602 346 699 plura
362 626 382 677 e
396 600 924 697 vero-expressainvenerimus3
943 621 1024 693 quae
1043 599 1249 674 brevissime
1261 600 1377 671 strin-

245 740 371 821 gamus
386 746 393 786 ε

294 938 370 1004 Non
400 934 518 1028 nragni
541 947 658 1005 autern
686 934 936 1030 aestimandum
964 919 1104 1005 ridetur
1130 929 1306 1025 quidquid
1324 931 1374 1003 de

246 1057 343 1117 motu
361 1046 512 1139 ejusque
534 1062 657 1120 natura
685 1048 721 1118 in
741 1046 944 1121 universum
965 1046 1121 1141 disputat
1141 1044 1366 1133 Aristoteles3

247 1183 328 1231 nam
346 1160 485 1233 etiamsi
516 1163 652 1234 evincat
678 1177 798 1235 motus
824 1185 948 1234 omnes
976 1162 1013 1233 in
1051 1184 1164 1232 unum
1188 1159 1368 1244 recidere,

245 1274 480 1369 primumque
494 1277 653 1347 omnium
681 1299 758 1376 esse
778 1277 875 1348 hunc
908 1276 1026 1371 quiin
1052 1276 1175 1347 orbem
1191 1272 1368 1356 flectitur,

248 1388 386 1460 nullum
405 1393 528 1476 aritem
541 1390 649 1463 alium
668 1391 880 1463 continuum
896 1411 974 1462 esse
997 1402 1033 1462 et
1049 1389 1250 1477 infinitum,
1281 1386 1372 1482 quid

246 1503 390 1575 demum
411 1505 477 1576 ista
506 1505 695 1592 conserunt
713 1503 757 1577 ad
780 1518 915 1577 naturae
944 1518 1133 1597 motusque
1147 1502 1261 1597 ipsius
1280 1502 1372 1573 noti·

248 1619 354 1704 tiam,
377 1617 464 1713 quid
486 1622 530 1691 ad
548 1620 692 1692 motoris
707 1620 972 1714 cognitionem?
988 1632 1162 1692 meterem
1176 1618 1272 1691 enim
1292 1640 1372 1689 esse

248 1746 421 1804 aeternum
435 1746 469 1804 et
483 1734 666 1806 infinitum
680 1734 913 1806 nihilominus
925 1732 1058 1805 evincit
1067 1733 1096 1804 si
1111 1733 1233 1806 finitus
1251 1745 1373 1818 motus

250 1845 295 1917 sit
319 1870 427 1941 quam
450 1849 480 1918 si
503 1848 687 1937 infinitus,
713 1849 857 1929 sirecte
883 1848 1043 1919 serantur
1069 1846 1189 1919 omnia
1208 1843 1315 1939 quam
1339 1845 1373 1916 si

249 1961 395 2055 oblique
423 1963 623 2040 flectantur.
655 1964 752 2035 Scire
775 1976 897 2034 autem
918 1982 1030 2056 quum
1057 1961 1241 2057 prodesset
1257 1961 1372 2033 mutto

253 2078 371 2149 minus
386 2078 499 2170 qualis
526 2078 571 2150 sit
589 2101 651 2173 per
680 2100 718 2149 se
743 2088 878 2165 motus,
895 2099 1002 2171 quam
1021 2076 1137 2169 quatis
1164 2075 1201 2145 in
1217 2073 1373 2169 singulis

251 2193 360 2265 rebus
373 2190 676 2288 deprehendatur,
698 2216 787 2287 quas
797 2193 889 2265 vices
899 2193 1047 2280 habeat,
1062 2214 1132 2286 qua
1142 2192 1218 2286 lege
1233 2190 1372 2285 singula

252 2330 400 2401 corpora
410 2315 628 2396 moveantur,
647 2330 704 2379 eas
719 2307 935 2401 quaestiones
947 2321 1007 2378 aut
1017 2306 1137 2379 omisit
1151 2294 1374 2392 Aristoteles

252 2435 314 2492 aut
327 2442 400 2509 uuo
423 2421 528 2492 verbo
545 2422 657 2493 nodos
677 2444 802 2494 omnes
818 2421 937 2509 solvit,
963 2416 1007 2493 ad
1019 2422 1195 2493 diversam
1211 2419 1371 2494 locorum

254 2549 414 2607 naturam
429 2536 594 2630 variaque
610 2536 763 2625 materiae
781 2537 938 2630 pondera
958 2538 1181 2633 confugiens.

303 2781 398 2865 Quid
417 2805 524 2877 porro
550 2783 743 2856 sentiamus
762 2785 806 2856 dc
825 2785 885 2857 itto
903 2808 1074 2879 corporeo
1097 2783 1282 2877 complexu
1302 2805 1374 2877 quo

254 2897 348 2991 cingi
363 2911 525 2970 naturam
540 2921 681 2971 omnem
694 2899 899 2988 arbitratur,
910 2900 1052 2995 xcuique
1064 2898 1204 2993 religari
1220 2898 1375 2993 quodam

256 3011 360 3085 modo
392 3035 572 3105 summum
599 3010 872 3106 moderatorem,
901 3038 921 3088 6
943 3031 1042 3109 parte
1067 3035 1231 3108 suprema
1251 3011 1375 3084 mundi

255 3127 372 3199 omnia
384 3131 608 3214 moventem?
625 3131 723 3223 quod
736 3131 882 3224 quidem
897 3129 1134 3225 metaphorice
1146 3124 1282 3200 dictum
1300 3148 1377 3198 cre·

256 3240 427 3338 diderim3
448 3244 478 3315 si
499 3244 634 3334 minus,
657 3245 845 3331 Aristotele
860 3245 1008 3331 omnino
1026 3244 1232 3340 indignum..

254 3550 258 3557 .
305 3496 400 3566 Nihit
419 3509 471 3567 est
487 3519 568 3567 vero
581 3492 677 3590 quod
690 3495 994 3589 reprehendamus
1009 3494 1046 3564 in
1060 3517 1100 3566 ea
1115 3494 1253 3568 ratione
1271 3515 1376 3587 quam

257 3623 400 3682 secutus
428 3610 634 3682 Aristoteles
657 3633 676 3682 e
699 3612 855 3682 motibus
877 3610 984 3682 variis
1001 3624 1049 3682 et
1074 3609 1205 3697 finitis,
1231 3606 1273 3680 ad
1300 3631 1377 3680 mo·

257 3739 369 3797 torem
391 3747 516 3814 unum,
531 3738 704 3798 aeternum
720 3740 755 3818 et
769 3726 950 3799 infinitum
963 3726 1066 3821 erigit
1081 3737 1281 3813 mentem,a
1299 3743 1377 3793 scn-

258 3839 457 3933 sdibusque
478 3843 521 3912 ad
541 3840 696 3913 coelestia
720 3854 755 3918 et
780 3841 989 3935 incorporea
1024 3839 1199 3911 evehitur.
1237 3835 1378 3908 Nullum

257 3954 364 4025 etiam
385 3955 500 4041 iocum
521 3958 669 4051 antiqua
686 3955 722 4027 in
736 3957 962 4051 philosophia
982 3956 1092 4051 magis
1103 3952 1377 4039 laudaverimus.

258 4076 308 4161 Eo
327 4071 420 4141 enim
447 4071 482 4163 in
510 4072 637 4165 primis
656 4088 824 4167 praestare
849 4074 1053 4147 Aristoteles
1078 4072 1218 4149 ridetur
1243 4068 1377 4163 priores
