3025 4975
578 453 737 558 ..35-

97 607 263 728 imnrbus
276 644 484 740 quaegrgmt
496 658 621 718 natura
635 644 750 716 nrlnl
741 659 835 719 mter
846 647 1059 720 effectricem
1072 609 1266 722 causum1

98 751 317 851 toruumque
336 772 370 830 ει
388 759 522 831 smern
513 773 672 832 interest

147 979 344 1070 Nusquam
362 988 457 1047 certe
478 975 566 1049 alius
586 976 808 1051 subtiliorem
829 978 900 1049 vim
918 976 1052 1073 ingenii
1074 974 1218 1048 uberio-

95 1110 246 1184 remque
263 1088 519 1186 seutentiarum
531 1092 668 1186 copiam
684 1092 848 1185 profudit
863 1080 1092 1182 Aristoteles,
1112 1112 1218 1183 quum

97 1203 135 1275 in
154 1226 193 1275 eu
213 1218 337 1276 motus·
350 1206 668 1299 contomplatione3
696 1230 738 1279 eo
761 1206 986 1300 potissimum
1006 1204 1223 1299 conspicuus

96 1317 212 1413 quod,
238 1329 380 1413 sumpto
405 1342 425 1390 a
449 1342 569 1391 rerum
598 1320 763 1393 varietate
780 1334 816 1393 ει
839 1317 1042 1393 diversitate
1060 1331 1221 1390 motuum

98 1432 304 1527 principio,
353 1435 523 1528 paulatim
557 1451 726 1532 certaque
757 1436 893 1509 ratione
917 1438 961 1508 ed
989 1434 1223 1507 moderatoris

97 1548 233 1619 oeterni.
248 1547 484 1643 cognitionem
515 1550 675 1645 erigitur.
706 1556 832 1622 Parum
857 1573 939 1622 vero
960 1549 1224 1622 conserunt-ud

98 1685 217 1734 reram
240 1686 359 1735 rorum
386 1664 546 1737 notitiam
568 1665 706 1762 quaein
727 1666 993 1739 universumde
1021 1677 1118 1737 motu
1133 1663 1226 1761 ejus·

99 1799 172 1870 que
205 1793 330 1852 nutura
362 1777 407 1876 ab
435 1776 496 1850 illo
533 1780 784 1872 disputantur3
820 1779 947 1873 vixque
980 1778 1119 1873 aliquot
1141 1775 1241 1849 inde·

12 1873 14 1948 ἶ
99 1905 287 1986 emergunt
302 1891 540 1980 definitiones,
561 1915 655 1988 quoe,
672 1892 777 1965 etiarn
788 1894 816 1965 si
830 1917 905 1966 rem
920 1908 1000 1987 opto
1011 1892 1221 1986 exprimunt,

99 1995 196 2077 houd
217 2007 265 2077 ita
290 2010 409 2103 magni
426 2012 597 2085 momenti
619 2035 695 2084 esse
712 2012 890 2084 ridentur.
915 2017 962 2082 Ea
980 2011 1073 2081 enim
1090 2024 1142 2081 εει
1161 2032 1225 2079 na-

99 2133 193 2192 turae
212 2122 415 2202 scientiaut
430 2123 510 2218 plus
528 2124 566 2195 in
583 2146 642 2213 eu,
661 2126 712 2197 vel
730 2125 869 2220 modice
879 2122 1106 2220 experiendo,
1120 2122 1227 2217 profi-

12 2263 13 2270 *
100 2235 173 2308 cius
190 2259 295 2329 quam
313 2239 359 2326 si,
377 2241 533 2335 neglecta
552 2243 793 2336 experientia,
814 2255 939 2337 argute
952 2254 986 2313 et
998 2239 1119 2340 divino
1137 2239 1225 2311 sub·
1318 2253 1323 2258 ·

102 2348 267 2423 titissimu
281 2353 486 2448 conjeceris.

152 2574 257 2643 Hauc
280 2572 388 2669 igitur
422 2577 528 2671 poulo
567 2576 824 2660 abstrusiorem
852 2578 896 2649 de
922 2580 1022 2649 motu
1047 2596 1228 2648 commen·

30 2752 34 2760 ,
102 2685 271 2760 tationem
287 2690 544 2786 aggrediemur.
567 2693 732 2766 Occurrit
745 2693 904 2787 primum
920 2708 959 2765 ut
973 2706 1089 2764 motus
1102 2705 1228 2762 natura
1331 2717 1336 2722 ⁵

103 2798 296 2884 definiatur
311 2809 365 2900 (ι)
382 2834 390 2876 :
410 2800 658 2900 motu'sjautem
675 2820 736 2879 aut
752 2824 806 2880 εει
819 2831 882 2903 per
893 2829 931 2880 se
944 2807 1093 2900 aliquid,
1108 2819 1170 2878 out
1183 2810 1228 2880 de

12 3006 13 3011 ,
105 2927 260 3022 quodum
292 2922 449 3014 dicitur3
488 2936 548 2995 aut
579 2930 725 3019 potentio
752 2935 806 2994 εει
821 2977 834 3012 ,.
864 2934 1010 3017 Δυνάμει,
1037 2937 1098 2993 aut
1125 2938 1227 3008 octo,

104 3047 279 3140 ἐντελεχείᾳ.
297 3047 341 3112 nt
360 3040 475 3133 neque
494 3052 608 3134 potest
622 3039 659 3109 in
678 3060 775 3110 mera
791 3037 949 3132 potentie
968 3036 1115 3126 versari,
1137 3062 1229 3131 quo·

12 3236 14 3245 ‚
107 3155 203 3227 nium
218 3155 279 3227 ubi
292 3157 331 3227 sit
344 3152 461 3227 motus
473 3154 546 3249 jum
563 3166 644 3224 actu
657 3175 733 3226 esse
746 3152 885 3246 aliquid
897 3151 1093 3244 contingit,
1113 3176 1228 3247 neque

11 3284 14 3323 ³
105 3281 242 3342 constat
253 3293 293 3341 ex
303 3281 384 3340 ootu
401 3268 558 3363 perfecto
570 3267 640 3359 (2);
658 3265 777 3339 deficit
794 3267 891 3337 enim
906 3282 1022 3338 motus
1041 3266 1103 3337 ubi
1129 3280 1229 3353 actus

106 3385 223 3460 erudit
244 3387 371 3480 plenus
391 3399 425 3456 et
453 3383 645 3478 perfectus.
667 3388 764 3456 luter
789 3396 986 3476 utrumque
1012 3392 1066 3453 εει
1096 3380 1242 3476 iginum*

12 3502 14 3583 ῗ
106 3501 208 3598 quusi
224 3515 322 3574 actus
341 3503 499 3574 noudum
517 3499 717 3594 perfectus,
744 3499 973 3593 mediumque
987 3496 1123 3592 aliquid
1137 3498 1229 3569 inter

12 3650 13 3653 ¹
106 3628 224 3688 actum
249 3628 282 3688 ot
309 3616 526 3711 potentiani,
546 3616 619 3701 vot,
643 3627 682 3687 ut
710 3615 858 3687 verbum
884 3613 992 3686 verbo
1014 3610 1227 3700 reddamus,

105 3747 196 3803 octus
216 3748 280 3804 ,εει
302 3739 456 3827 potentiue
481 3748 642 3825 quatenus
673 3737 818 3827 potentia
847 3746 915 3818 ert,
944 3739 962 3808 ἡ
989 3734 1151 3824 ἐντελέχεια
1178 3741 1229 3803 τοῦ

143 4064 181 4139 (1)
195 4060 336 4131 Licini,
348 4076 410 4138 cap.
424 4067 440 4117 1
453 4066 482 4119 ει
493 4061 527 4130 2,
538 4059 639 4136 t200,
650 4060 714 4122 201.
827 4060 831 4066 ’

143 4154 183 4230 ro)
202 4149 567 4226 unumunurm.
706 4157 709 4162 ·
