<?xml version="1.0" encoding="UTF-8"?>
<!DOCTYPE html PUBLIC "-//W3C//DTD XHTML 1.0 Transitional//EN"
    "http://www.w3.org/TR/xhtml1/DTD/xhtml1-transitional.dtd">
<html xmlns="http://www.w3.org/1999/xhtml" xml:lang="en" lang="en">
 <head>
  <title>
</title>
<meta http-equiv="Content-Type" content="text/html;charset=utf-8" />
  <meta name='ocr-system' content='tesseract 3.04.00' />
  <meta name='ocr-capabilities' content='ocr_page ocr_carea ocr_par ocr_line ocrx_word'/>
</head>
<body>
  <div class='ocr_page' id='page_1' title='image "./inaristotelispl01zvgoog_0011.png"; bbox 0 0 3025 4975; ppageno 0'>
   <div class='ocr_carea' id='block_1_1' title="bbox 483 691 990 770">
    <p class='ocr_par' dir='ltr' id='par_1_1' title="bbox 483 691 990 770">
     <span class='ocr_line' id='line_1_1' title="bbox 483 691 990 770; baseline 0.008 -4"><span class='ocrx_word' id='word_1_1' title='bbox 483 691 778 768; x_wconf 81' lang='lat' dir='ltr'><strong>ARISTOTELIS</strong></span> <span class='ocrx_word' id='word_1_2' title='bbox 800 692 990 770; x_wconf 76' lang='lat' dir='ltr'>PLACITA</span> 
     </span>
    </p>
   </div>
   <div class='ocr_carea' id='block_1_2' title="bbox 225 967 1326 1116">
    <p class='ocr_par' dir='ltr' id='par_1_2' title="bbox 225 967 1326 1116">
     <span class='ocr_line' id='line_1_2' title="bbox 225 967 1326 1116; baseline 0.002 -7"><span class='ocrx_word' id='word_1_3' title='bbox 225 1017 324 1109; x_wconf 79' lang='lat' dir='ltr'>nu.</span> <span class='ocrx_word' id='word_1_4' title='bbox 358 1016 1249 1116; x_wconf 77' lang='lat' dir='ltr'>rursum-noscmmmouu</span> <span class='ocrx_word' id='word_1_5' title='bbox 1323 967 1326 971; x_wconf 51' lang='lat'><em>&#39;</em></span> 
     </span>
    </p>
   </div>
   <div class='ocr_carea' id='block_1_3' title="bbox 425 1330 1063 1449">
    <p class='ocr_par' dir='ltr' id='par_1_3' title="bbox 425 1330 1063 1449">
     <span class='ocr_line' id='line_1_3' title="bbox 425 1330 1063 1449; baseline 0.006 -21"><span class='ocrx_word' id='word_1_6' title='bbox 425 1343 537 1428; x_wconf 81' lang='lat' dir='ltr'>VEL</span> <span class='ocrx_word' id='word_1_7' title='bbox 582 1342 661 1427; x_wconf 83' lang='lat' dir='ltr'>DE</span> <span class='ocrx_word' id='word_1_8' title='bbox 691 1330 1063 1449; x_wconf 50' lang='lat' dir='ltr'>&#39;perdolens</span> 
     </span>
    </p>
   </div>
   <div class='ocr_carea' id='block_1_4' title="bbox 592 2061 750 2129">
    <p class='ocr_par' dir='ltr' id='par_1_4' title="bbox 592 2061 750 2129">
     <span class='ocr_line' id='line_1_4' title="bbox 592 2061 750 2129; baseline 0 -55"><span class='ocrx_word' id='word_1_9' title='bbox 592 2061 750 2129; x_wconf 29' lang='lat' dir='ltr'>,L</span> 
     </span>
    </p>
   </div>
   <div class='ocr_carea' id='block_1_5' title="bbox 170 2282 1298 4103">
    <p class='ocr_par' dir='ltr' id='par_1_5' title="bbox 170 2282 1298 4103">
     <span class='ocr_line' id='line_1_5' title="bbox 223 2282 1297 2384; baseline 0.008 -27"><span class='ocrx_word' id='word_1_10' title='bbox 223 2282 1297 2384; x_wconf 76' lang='lat' dir='ltr'>ExomnibusAristotelisplacitis,nuliumproiectoinrcne·</span> 
     </span>
     <span class='ocr_line' id='line_1_6' title="bbox 172 2398 1294 2496; baseline 0.007 -26"><span class='ocrx_word' id='word_1_11' title='bbox 172 2399 390 2496; x_wconf 92' lang='lat' dir='ltr'>rimusquod</span> <span class='ocrx_word' id='word_1_12' title='bbox 401 2398 877 2496; x_wconf 82' lang='lat' dir='ltr'>pluribusoommentariolis</span> <span class='ocrx_word' id='word_1_13' title='bbox 884 2401 1105 2476; x_wconf 84' lang='lat' dir='ltr'>scholasticis</span> <span class='ocrx_word' id='word_1_14' title='bbox 1121 2418 1294 2478; x_wconf 83' lang='lat' dir='ltr'>tentatum</span> 
     </span>
     <span class='ocr_line' id='line_1_7' title="bbox 171 2514 1297 2613; baseline 0.005 -25"><span class='ocrx_word' id='word_1_15' title='bbox 171 2529 280 2611; x_wconf 88' lang='lat' dir='ltr'>atque</span> <span class='ocrx_word' id='word_1_16' title='bbox 300 2514 516 2589; x_wconf 80' lang='lat' dir='ltr'>illustratum</span> <span class='ocrx_word' id='word_1_17' title='bbox 537 2515 658 2606; x_wconf 87' lang='lat' dir='ltr'>suerit,</span> <span class='ocrx_word' id='word_1_18' title='bbox 674 2536 781 2609; x_wconf 86' lang='lat' dir='ltr'>quam</span> <span class='ocrx_word' id='word_1_19' title='bbox 800 2539 881 2609; x_wconf 82' lang='lat' dir='ltr'>queo</span> <span class='ocrx_word' id='word_1_20' title='bbox 890 2523 1027 2613; x_wconf 73' lang='lat' dir='ltr'>Physica</span> <span class='ocrx_word' id='word_1_21' title='bbox 1041 2522 1245 2612; x_wconf 72' lang='lat' dir='ltr'>auscultatio,</span> <span class='ocrx_word' id='word_1_22' title='bbox 1260 2522 1297 2594; x_wconf 95' lang='lat' dir='ltr'>id</span> 
     </span>
     <span class='ocr_line' id='line_1_8' title="bbox 172 2628 1298 2732; baseline 0.006 -29"><span class='ocrx_word' id='word_1_23' title='bbox 172 2642 369 2703; x_wconf 88' lang='lat' dir='ltr'>estnaturae</span> <span class='ocrx_word' id='word_1_24' title='bbox 377 2628 635 2726; x_wconf 82' lang='lat' dir='ltr'>interpretatio,</span> <span class='ocrx_word' id='word_1_25' title='bbox 645 2641 699 2725; x_wconf 79' lang='lat' dir='ltr'>est</span> <span class='ocrx_word' id='word_1_26' title='bbox 713 2629 899 2724; x_wconf 72' lang='lat' dir='ltr'>inscripta,</span> <span class='ocrx_word' id='word_1_27' title='bbox 912 2634 973 2705; x_wconf 88' lang='lat' dir='ltr'>sed</span> <span class='ocrx_word' id='word_1_28' title='bbox 984 2634 1230 2732; x_wconf 85' lang='lat' dir='ltr'>complerique</span> <span class='ocrx_word' id='word_1_29' title='bbox 1239 2660 1298 2710; x_wconf 87' lang='lat' dir='ltr'>ne·</span> 
     </span>
     <span class='ocr_line' id='line_1_9' title="bbox 173 2743 1298 2842; baseline 0.006 -26"><span class='ocrx_word' id='word_1_30' title='bbox 173 2744 568 2839; x_wconf 89' lang='lat' dir='ltr'>quebeuecompertam</span> <span class='ocrx_word' id='word_1_31' title='bbox 584 2743 757 2815; x_wconf 86' lang='lat' dir='ltr'>haberent</span> <span class='ocrx_word' id='word_1_32' title='bbox 769 2765 886 2815; x_wconf 85' lang='lat' dir='ltr'>veram</span> <span class='ocrx_word' id='word_1_33' title='bbox 898 2746 1170 2842; x_wconf 78' lang='lat' dir='ltr'>philosophandi</span> <span class='ocrx_word' id='word_1_34' title='bbox 1185 2750 1298 2823; x_wconf 86' lang='lat' dir='ltr'>ratio·</span> 
     </span>
     <span class='ocr_line' id='line_1_10' title="bbox 172 2859 1295 2963; baseline 0.006 -33"><span class='ocrx_word' id='word_1_35' title='bbox 172 2882 276 2946; x_wconf 91' lang='lat' dir='ltr'>nem,</span> <span class='ocrx_word' id='word_1_36' title='bbox 296 2864 413 2953; x_wconf 85' lang='lat' dir='ltr'>neque</span> <span class='ocrx_word' id='word_1_37' title='bbox 431 2873 593 2933; x_wconf 84' lang='lat' dir='ltr'>tenerent</span> <span class='ocrx_word' id='word_1_38' title='bbox 611 2860 719 2933; x_wconf 85' lang='lat' dir='ltr'>etiam</span> <span class='ocrx_word' id='word_1_39' title='bbox 731 2859 821 2954; x_wconf 93' lang='lat' dir='ltr'>quid</span> <span class='ocrx_word' id='word_1_40' title='bbox 842 2861 878 2932; x_wconf 90' lang='lat' dir='ltr'>in</span> <span class='ocrx_word' id='word_1_41' title='bbox 894 2876 1155 2936; x_wconf 86' lang='lat' dir='ltr'>rerum-natura</span> <span class='ocrx_word' id='word_1_42' title='bbox 1174 2864 1295 2963; x_wconf 89' lang='lat' dir='ltr'>requi-</span> 
     </span>
     <span class='ocr_line' id='line_1_11' title="bbox 173 2974 1295 3072; baseline 0.007 -26"><span class='ocrx_word' id='word_1_43' title='bbox 173 2988 313 3062; x_wconf 90' lang='lat' dir='ltr'>rerent,</span> <span class='ocrx_word' id='word_1_44' title='bbox 347 2974 503 3072; x_wconf 73' lang='lat' dir='ltr'>vestigiis</span> <span class='ocrx_word' id='word_1_45' title='bbox 527 2974 685 3070; x_wconf 80' lang='lat' dir='ltr'><strong>antiquis</strong></span> <span class='ocrx_word' id='word_1_46' title='bbox 714 2974 908 3066; x_wconf 76' lang='lat' dir='ltr'>inhaesere,</span> <span class='ocrx_word' id='word_1_47' title='bbox 932 2999 1003 3048; x_wconf 91' lang='lat' dir='ltr'>non</span> <span class='ocrx_word' id='word_1_48' title='bbox 1026 2976 1063 3049; x_wconf 90' lang='lat' dir='ltr'>in</span> <span class='ocrx_word' id='word_1_49' title='bbox 1096 2979 1200 3050; x_wconf 84' lang='lat' dir='ltr'>aliam</span> <span class='ocrx_word' id='word_1_50' title='bbox 1220 3002 1295 3053; x_wconf 90' lang='lat' dir='ltr'>rem</span> 
     </span>
     <span class='ocr_line' id='line_1_12' title="bbox 172 3087 1295 3187; baseline 0.008 -28"><span class='ocrx_word' id='word_1_51' title='bbox 172 3089 285 3184; x_wconf 83' lang='lat' dir='ltr'>magis</span> <span class='ocrx_word' id='word_1_52' title='bbox 326 3089 456 3163; x_wconf 88' lang='lat' dir='ltr'>intenti</span> <span class='ocrx_word' id='word_1_53' title='bbox 484 3112 592 3184; x_wconf 91' lang='lat' dir='ltr'>quam</span> <span class='ocrx_word' id='word_1_54' title='bbox 625 3101 663 3161; x_wconf 86' lang='lat' dir='ltr'>ut</span> <span class='ocrx_word' id='word_1_55' title='bbox 695 3087 896 3161; x_wconf 76' lang='lat' dir='ltr'>Aristotelis</span> <span class='ocrx_word' id='word_1_56' title='bbox 922 3089 1023 3187; x_wconf 81' lang='lat' dir='ltr'><strong>quasi</strong></span> <span class='ocrx_word' id='word_1_57' title='bbox 1054 3092 1295 3186; x_wconf 79' lang='lat' dir='ltr'>exprimerent</span> 
     </span>
     <span class='ocr_line' id='line_1_13' title="bbox 172 3201 1295 3300; baseline 0.011 -24"><span class='ocrx_word' id='word_1_58' title='bbox 172 3225 316 3292; x_wconf 75' lang='lat' dir='ltr'>succoS,</span> <span class='ocrx_word' id='word_1_59' title='bbox 347 3203 532 3300; x_wconf 89' lang='lat' dir='ltr'>plurisque</span> <span class='ocrx_word' id='word_1_60' title='bbox 549 3203 718 3276; x_wconf 82' lang='lat' dir='ltr'>iacientes</span> <span class='ocrx_word' id='word_1_61' title='bbox 734 3201 921 3276; x_wconf 82' lang='lat' dir='ltr'>rescivisse</span> <span class='ocrx_word' id='word_1_62' title='bbox 937 3202 1024 3296; x_wconf 92' lang='lat' dir='ltr'>quid</span> <span class='ocrx_word' id='word_1_63' title='bbox 1041 3203 1101 3278; x_wconf 85' lang='lat' dir='ltr'>ille</span> <span class='ocrx_word' id='word_1_64' title='bbox 1125 3209 1295 3289; x_wconf 83' lang='lat' dir='ltr'>sensisset</span> 
     </span>
     <span class='ocr_line' id='line_1_14' title="bbox 170 3315 1294 3422; baseline 0.007 -32"><span class='ocrx_word' id='word_1_65' title='bbox 170 3342 279 3415; x_wconf 89' lang='lat' dir='ltr'>qnam</span> <span class='ocrx_word' id='word_1_66' title='bbox 298 3315 384 3413; x_wconf 90' lang='lat' dir='ltr'>quid</span> <span class='ocrx_word' id='word_1_67' title='bbox 400 3339 612 3413; x_wconf 90' lang='lat' dir='ltr'>unaquaque</span> <span class='ocrx_word' id='word_1_68' title='bbox 622 3318 658 3388; x_wconf 92' lang='lat' dir='ltr'>in</span> <span class='ocrx_word' id='word_1_69' title='bbox 678 3340 715 3389; x_wconf 89' lang='lat' dir='ltr'>re</span> <span class='ocrx_word' id='word_1_70' title='bbox 725 3329 819 3389; x_wconf 88' lang='lat' dir='ltr'>esset</span> <span class='ocrx_word' id='word_1_71' title='bbox 832 3340 852 3389; x_wconf 90' lang='lat' dir='ltr'>e</span> <span class='ocrx_word' id='word_1_72' title='bbox 865 3340 946 3390; x_wconf 88' lang='lat' dir='ltr'>vero</span> <span class='ocrx_word' id='word_1_73' title='bbox 959 3341 1183 3414; x_wconf 80' lang='lat' dir='ltr'>expressum3</span> <span class='ocrx_word' id='word_1_74' title='bbox 1199 3347 1294 3422; x_wconf 82' lang='lat' dir='ltr'>saepe</span> 
     </span>
     <span class='ocr_line' id='line_1_15' title="bbox 172 3428 1293 3513; baseline 0.007 -8"><span class='ocrx_word' id='word_1_75' title='bbox 172 3435 280 3506; x_wconf 88' lang='lat' dir='ltr'>etiam</span> <span class='ocrx_word' id='word_1_76' title='bbox 298 3435 414 3505; x_wconf 89' lang='lat' dir='ltr'>lucem</span> <span class='ocrx_word' id='word_1_77' title='bbox 426 3429 874 3506; x_wconf 80' lang='lat' dir='ltr'>excellentisetiooulentae</span> <span class='ocrx_word' id='word_1_78' title='bbox 893 3428 1065 3506; x_wconf 85' lang='lat' dir='ltr'>doctrinae</span> <span class='ocrx_word' id='word_1_79' title='bbox 1081 3434 1174 3508; x_wconf 88' lang='lat' dir='ltr'>inter</span> <span class='ocrx_word' id='word_1_80' title='bbox 1191 3438 1293 3513; x_wconf 67' lang='lat' dir='ltr'>mnus</span> 
     </span>
     <span class='ocr_line' id='line_1_16' title="bbox 172 3544 1294 3643; baseline 0.007 -25"><span class='ocrx_word' id='word_1_81' title='bbox 172 3547 333 3621; x_wconf 84' lang='lat' dir='ltr'>obscurae</span> <span class='ocrx_word' id='word_1_82' title='bbox 352 3544 660 3643; x_wconf 80' lang='lat' dir='ltr'>interpretationis</span> <span class='ocrx_word' id='word_1_83' title='bbox 678 3544 907 3642; x_wconf 78' lang='lat' dir='ltr'>argutiusque</span> <span class='ocrx_word' id='word_1_84' title='bbox 929 3548 1137 3643; x_wconf 82' lang='lat' dir='ltr'>omnigenas</span> <span class='ocrx_word' id='word_1_85' title='bbox 1153 3549 1294 3626; x_wconf 82' lang='lat' dir='ltr'>involu-</span> 
     </span>
     <span class='ocr_line' id='line_1_17' title="bbox 171 3659 1293 3757; baseline 0.006 -24"><span class='ocrx_word' id='word_1_86' title='bbox 171 3675 243 3734; x_wconf 89' lang='lat' dir='ltr'>tam</span> <span class='ocrx_word' id='word_1_87' title='bbox 259 3662 477 3734; x_wconf 78' lang='lat' dir='ltr'>offuderunt.</span> <span class='ocrx_word' id='word_1_88' title='bbox 507 3665 594 3745; x_wconf 86' lang='lat' dir='ltr'>Quae</span> <span class='ocrx_word' id='word_1_89' title='bbox 609 3683 722 3756; x_wconf 93' lang='lat' dir='ltr'>quum</span> <span class='ocrx_word' id='word_1_90' title='bbox 739 3659 787 3731; x_wconf 87' lang='lat' dir='ltr'>ita</span> <span class='ocrx_word' id='word_1_91' title='bbox 803 3659 894 3746; x_wconf 91' lang='lat' dir='ltr'>sint,</span> <span class='ocrx_word' id='word_1_92' title='bbox 918 3660 1091 3757; x_wconf 90' lang='lat' dir='ltr'>nulloque</span> <span class='ocrx_word' id='word_1_93' title='bbox 1110 3664 1235 3738; x_wconf 86' lang='lat' dir='ltr'>melius</span> <span class='ocrx_word' id='word_1_94' title='bbox 1250 3690 1293 3740; x_wconf 88' lang='lat' dir='ltr'>ex</span> 
     </span>
     <span class='ocr_line' id='line_1_18' title="bbox 172 3774 1291 3877; baseline 0.006 -30"><span class='ocrx_word' id='word_1_95' title='bbox 172 3776 270 3849; x_wconf 86' lang='lat' dir='ltr'>sonte</span> <span class='ocrx_word' id='word_1_96' title='bbox 287 3798 394 3871; x_wconf 89' lang='lat' dir='ltr'>quam</span> <span class='ocrx_word' id='word_1_97' title='bbox 426 3800 467 3848; x_wconf 87' lang='lat' dir='ltr'>ex</span> <span class='ocrx_word' id='word_1_98' title='bbox 488 3776 573 3870; x_wconf 88' lang='lat' dir='ltr'>ipsis</span> <span class='ocrx_word' id='word_1_99' title='bbox 601 3774 804 3847; x_wconf 76' lang='lat' dir='ltr'>Aristotelis</span> <span class='ocrx_word' id='word_1_100' title='bbox 824 3778 1046 3852; x_wconf 81' lang='lat' dir='ltr'>‚commentis</span> <span class='ocrx_word' id='word_1_101' title='bbox 1080 3776 1291 3877; x_wconf 85' lang='lat' dir='ltr'>opimaque,</span> 
     </span>
     <span class='ocr_line' id='line_1_19' title="bbox 172 3889 1296 3989; baseline 0.002 -25"><span class='ocrx_word' id='word_1_102' title='bbox 172 3891 333 3988; x_wconf 85' lang='lat' dir='ltr'>quamvis</span> <span class='ocrx_word' id='word_1_103' title='bbox 353 3891 589 3987; x_wconf 80' lang='lat' dir='ltr'>perobscura,</span> <span class='ocrx_word' id='word_1_104' title='bbox 612 3890 772 3962; x_wconf 85' lang='lat' dir='ltr'>ubertate</span> <span class='ocrx_word' id='word_1_105' title='bbox 784 3905 1012 3983; x_wconf 81' lang='lat' dir='ltr'>expromatur</span> <span class='ocrx_word' id='word_1_106' title='bbox 1025 3910 1096 3986; x_wconf 89' lang='lat' dir='ltr'>qua</span> <span class='ocrx_word' id='word_1_107' title='bbox 1115 3889 1152 3963; x_wconf 94' lang='lat' dir='ltr'>in</span> <span class='ocrx_word' id='word_1_108' title='bbox 1171 3892 1296 3989; x_wconf 83' lang='lat' dir='ltr'>digni-</span> 
     </span>
     <span class='ocr_line' id='line_1_20' title="bbox 172 4003 1293 4103; baseline 0.002 -24"><span class='ocrx_word' id='word_1_109' title='bbox 172 4020 242 4079; x_wconf 89' lang='lat' dir='ltr'>tate</span> <span class='ocrx_word' id='word_1_110' title='bbox 253 4007 620 4081; x_wconf 83' lang='lat' dir='ltr'>collocaveritnaturae</span> <span class='ocrx_word' id='word_1_111' title='bbox 635 4003 833 4094; x_wconf 83' lang='lat' dir='ltr'>scientiam,</span> <span class='ocrx_word' id='word_1_112' title='bbox 845 4004 1049 4103; x_wconf 89' lang='lat' dir='ltr'>quibusque</span> <span class='ocrx_word' id='word_1_113' title='bbox 1058 4006 1208 4101; x_wconf 89' lang='lat' dir='ltr'>repertis</span> <span class='ocrx_word' id='word_1_114' title='bbox 1216 4030 1293 4081; x_wconf 88' lang='lat' dir='ltr'>eam</span> 
     </span>
    </p>
   </div>
   <div class='ocr_carea' id='block_1_6' title="bbox 170 4118 1290 4292">
    <p class='ocr_par' dir='ltr' id='par_1_6' title="bbox 170 4118 1290 4292">
     <span class='ocr_line' id='line_1_21' title="bbox 170 4118 1290 4218; baseline 0.001 -26"><span class='ocrx_word' id='word_1_115' title='bbox 170 4120 353 4206; x_wconf 80' lang='lat' dir='ltr'>ditaverit,</span> <span class='ocrx_word' id='word_1_116' title='bbox 368 4145 486 4218; x_wconf 86' lang='lat' dir='ltr'>operae</span> <span class='ocrx_word' id='word_1_117' title='bbox 508 4120 664 4216; x_wconf 87' lang='lat' dir='ltr'>pretinm</span> <span class='ocrx_word' id='word_1_118' title='bbox 680 4142 752 4195; x_wconf 88' lang='lat' dir='ltr'>oon</span> <span class='ocrx_word' id='word_1_119' title='bbox 769 4118 979 4194; x_wconf 73' lang='lat' dir='ltr'>abfuturum</span> <span class='ocrx_word' id='word_1_120' title='bbox 1001 4118 1240 4210; x_wconf 84' lang='lat' dir='ltr'>credidimus,</span> <span class='ocrx_word' id='word_1_121' title='bbox 1260 4124 1290 4194; x_wconf 93' lang='lat' dir='ltr'>si</span> 
     </span>
     <span class='ocr_line' id='line_1_22' title="bbox 1098 4238 1113 4292; baseline 0 0"><span class='ocrx_word' id='word_1_122' title='bbox 1098 4238 1113 4292; x_wconf 91' lang='lat'>1</span> 
     </span>
    </p>
   </div>
   <div class='ocr_carea' id='block_1_7' title="bbox 0 0 1518 4975">
    <p class='ocr_par' dir='ltr' id='par_1_7' title="bbox 0 0 1518 4975">
     <span class='ocr_line' id='line_1_23' title="bbox 0 0 1518 4975; baseline 0 0"><span class='ocrx_word' id='word_1_123' title='bbox 0 0 1518 4975; x_wconf 95' lang='lat' dir='ltr'> </span> 
     </span>
    </p>
   </div>
  </div>
 </body>
</html>
