3025 4975
653 572 812 631 -19..

173 722 278 798 modo
295 744 366 795 nun
383 721 453 795 sint
469 742 551 816 pers
572 719 693 815 aliqua
709 719 807 791 iilius
825 719 887 814 qui
903 718 1037 791 dicitur
1052 742 1129 792 esse
1145 722 1181 794 in
1201 723 1291 822 loeo,

173 841 290 912 lucum
304 839 382 933 ejus
394 860 458 909 suo
472 834 636 929 amplexu
651 832 841 914 definiunt.
856 834 972 905 Lucus
987 837 1039 925 (i)
1052 857 1134 907 veru
1151 849 1203 908 est
1217 850 1294 908 turn

171 954 342 1048 proprius
357 952 532 1044 cujusque
546 948 614 1034 rei,
634 960 709 1019 tum
724 948 925 1020 communis
941 947 1122 1041 omnium3
1140 974 1294 1043 quorum

172 1067 260 1138 alter
281 1068 451 1140 immotus
478 1062 623 1157 quidem
643 1075 696 1134 est
715 1063 760 1133 ad
782 1077 856 1131 rem
879 1063 983 1157 eujus
1011 1062 1110 1136 lucus
1135 1077 1189 1136 est
1198 1074 1207 1150 ᾗ
1233 1067 1295 1138 sed

173 1201 244 1253 nun
264 1181 368 1275 piune
390 1176 582 1261 immutire,
602 1175 690 1248 niter
707 1190 831 1248 eontra
849 1177 954 1270 plane
981 1191 1017 1249 et
1043 1175 1203 1250 absolute
1225 1178 1295 1249 im·

120 1378 121 1381 Ἴ
173 1297 303 1366 mu'tus'.
316 1292 492 1377 Quoniam
512 1306 629 1364 autem
644 1285 720 1363 'duo
737 1303 876 1362 tuntum
888 1305 972 1363 sunt
985 1293 1133 1363 omnino
1151 1292 1296 1364 immuta

175 1409 297 1481 totuin
323 1408 432 1497 cuein,
460 1428 589 1498 nempe
607 1395 763 1477 medium
777 1406 926 1501 sphaerae
940 1405 1091 1480 eoelestis
1114 1408 1294 1499 ejusdem-

174 1547 244 1621 que
253 1524 459 1619 superficies
474 1521 636 1595 universa
648 1534 684 1595 et
703 1535 796 1594 metu
812 1522 1014 1612 novissima,
1028 1524 1065 1612 in
1079 1522 1134 1594 his
1154 1523 1295 1595 duobus

175 1640 291 1711 locum
311 1637 473 1710 emnium
488 1659 715 1709 communem
731 1637 863 1708 versari
875 1661 1027 1712 neeesse
1041 1652 1110 1725 est,
1133 1637 1296 1732 duosque

173 1774 250 1825 esse
276 1752 388 1842 loeus,
418 1752 514 1822 hune
540 1750 746 1823 inferiorem
774 1750 813 1822 in
842 1774 1084 1845 quesumus,
1114 1753 1151 1822 in
1179 1751 1295 1825 medio

174 1867 322 1961 sphaerae
331 1866 501 1966 positum,
514 1865 732 1959 superiorem
748 1865 900 1936 alterum
914 1864 1039 1937 eueliin
1050 1865 1181 1938 finibus
1195 1866 1294 1960 ipsis,

172 1980 288 2053 Locus
302 2003 386 2075 ergo
399 1973 487 2052 eoeiu
497 1981 540 2052 ub
554 1979 630 2072 ipso
644 1978 824 2073 discrepat
842 1981 1080 2074 universoque
1093 1981 1159 2052 hoc
1176 2004 1297 2052 rerum

173 2095 360 2188 complexu
374 2147 383 2181 ‚
408 2118 515 2189 quem
538 2092 717 2166 mundum
735 2116 921 2183 vocamus3
945 2116 1017 2164 non
1041 2105 1179 2164 constet
1196 2095 1296 2164 enim

174 2230 215 2279 ex
232 2221 304 2279 totu
318 2206 424 2294 coele,
446 2208 507 2279 sed
525 2208 641 2301 potius
656 2230 698 2278 ex
714 2219 813 2300 purte
829 2207 944 2294 iilius,
962 2204 1115 2277 termino
1132 2206 1297 2279 videlicet

175 2316 352 2390 immobili
367 2342 438 2411 quo
449 2319 582 2391 mobile
591 2343 721 2415 eorpus
737 2319 1051 2413 circumcingitur.
1071 2319 1213 2408 Finitus
1227 2321 1296 2393 ita-

175 2456 246 2529 que
265 2446 337 2524 est,
356 2434 473 2529 neque
489 2433 692 2507 extenditur
708 2435 800 2506 nitra
819 2436 907 2507 fines
927 2456 1107 2529 corporeae
1124 2436 1292 2510 materiae.

176 2558 309 2646 Ex'quo
324 2552 488 2646 sequitur
512 2565 551 2624 ut
574 2575 640 2624 nee
660 2552 798 2647 sphaera
815 2549 976 2625 universa
1002 2576 1068 2624 neu
1084 2554 1213 2643 coelum
1227 2555 1295 2626 eli-

176 2689 247 2760 quu
262 2665 299 2735 in
319 2665 505 2758 Interim,
532 2689 645 2762 quum
661 2667 801 2738 nulium
820 2682 916 2738 extra
935 2690 973 2739 se
999 2669 1149 2739 habeant
1166 2691 1295 2764 corpus

177 2778 518 2876 [msitum3singuiae
547 2802 627 2852 vero
651 2779 796 2861 iiiorum
825 2795 941 2875 partes
970 2783 1134 2856 dicentur
1160 2807 1236 2857 esse
1256 2784 1294 2857 in

179 2895 268 2979 ineu,
280 2895 453 2988 queniam
466 2917 543 2968 sese
556 2908 681 2985 mutuo
698 2896 864 2990 amplexu
880 2912 1056 2970 euercent.

704 3147 764 3214 Vi.

221 3345 489 3423 confirmantur
502 3342 567 3417 iste
588 3340 734 3436 quidem
757 3340 802 3415 de
821 3341 899 3423 luco
917 3354 1115 3413 commenta
1133 3341 1294 3413 consutu—
1314 3437 1317 3442 .

174 3451 1294 3557 tisprierumpirysieurumseutentiis,quaS,enueleandurer=um
1320 3555 1324 3561 ἢ

174 3579 323 3651 nutura,
351 3564 394 3639 de
422 3561 521 3637 inani
549 3564 703 3661 quedam
727 3576 764 3635 et
786 3585 895 3634 vacuo
921 3562 1036 3655 spatio
1058 3563 1291 3655 protulerunt.

174 3681 291 3761 Quum
307 3693 424 3765 autem
449 3677 587 3765 nulium
610 3676 715 3771 piane
731 3699 808 3749 esse
826 3698 974 3747 vacuum
1001 3661 1036 3746 et
1053 3675 1128 3747 sine
1146 3698 1295 3768 corpure

172 3790 324 3887 spatium
345 3805 475 3863 statuat
503 3789 725 3879 Aristoteles,
754 3803 848 3860 recte
865 3788 1051 3881 subjungit
1082 3812 1151 3859 non
1178 3812 1240 3884 per
1255 3814 1292 3862 se

172 3928 265 3992 esse,
281 3930 397 4001 neque
424 3904 604 4000 propriam
624 3902 781 3999 aliquam
802 3916 962 3973 naturam
974 3902 1124 3996 habere,
1142 3888 1295 3999 iu'quod

208 4226 247 4303 (t)
266 4225 328 4286 Lir.
342 4223 385 4285 IV
396 4268 403 4294 ,
416 4240 477 4301 cap.
491 4223 526 4297 5,
541 4223 560 4281 t.
571 4222 635 4283 212.
