3025 4975
685 389 822 448 „20⁴

241 539 417 609 Totavero
434 538 509 635 haec
526 534 718 631 disputatio
732 558 844 629 quum
862 547 997 630 spectet
1005 537 1050 608 ad
1063 556 1120 607 res
1135 534 1315 629 subjectas
1422 619 1426 625 ,

193 653 355 725 sensibus
400 650 584 744 metuique
627 648 815 737 obnoxias,
856 649 973 744 sitque
1012 650 1181 750 inomni
1214 664 1314 725 motu

196 782 269 838 tum
297 766 334 837 id
357 767 452 837 uude
469 764 602 854 oritur,
625 779 699 836 tum
726 787 798 859 quo
822 762 1069 860 progreditur,
1093 766 1258 860 sequitur
1270 778 1318 839 ut

193 881 294 975 ptura
312 880 383 952 sint
402 879 581 976 principia
600 903 722 952 rerum
739 879 969 975 physicarum
986 883 1057 971 (t);
1083 880 1157 962 imo
1173 893 1316 952 contra-

194 995 265 1081 ria,
289 1008 327 1067 ut
342 1019 459 1089 neque
478 995 547 1068 alia
559 996 603 1069 ab
621 996 701 1069 aliis
726 995 905 1091 originem
920 997 1073 1083 ducant,
1091 1018 1209 1089 neque
1226 1018 1316 1090 peu-

195 1111 301 1209 deant
319 1111 363 1188 ab
381 1110 501 1204 aliqua
521 1124 664 1183 externa
682 1132 805 1200 causa,
826 1111 888 1182 sed
908 1110 1023 1204 prima
1039 1131 1104 1204 per
1121 1132 1158 1181 se
1169 1159 1180 1197 ,
1210 1132 1317 1205 gene·

196 1224 345 1296 rationis
363 1239 398 1297 ct
413 1226 655 1320 corruptionis
674 1238 772 1297 extra
790 1226 884 1320 leges
897 1224 1033 1319 posita,
1058 1237 1234 1310 maneant.
1254 1230 1318 1295 ln-

197 1339 296 1424 smita
315 1352 433 1411 autem
457 1340 556 1412 nullo
582 1354 685 1435 pacto
702 1363 780 1412 esse
800 1340 866 1412 ista
893 1339 1072 1434 principia
1087 1361 1128 1411 ex
1144 1361 1186 1411 eo
1205 1338 1319 1433 liquet

197 1453 293 1546 quod
308 1455 398 1525 nihil
416 1454 595 1525 infinitum
614 1453 831 1549 cogitatione
848 1453 1089 1547 concipimus,
1111 1454 1200 1526 nihit
1213 1453 1319 1547 plane

197 1569 398 1662 percepisse
416 1569 651 1660 arbitramur,
683 1568 749 1640 nisi
776 1584 863 1662 quot
878 1582 913 1641 et
929 1569 1045 1663 qualia
1063 1568 1134 1641 sint
1147 1568 1320 1644 elementa

198 1692 392 1754 teneamus.
420 1683 519 1755 Adde
537 1682 640 1754 etiam
661 1705 791 1775 corpus
817 1705 922 1754 omne
938 1705 1015 1755 esse
1035 1683 1176 1756 finitum
1197 1695 1234 1754 et
1254 1682 1320 1754 de·

199 1797 322 1869 tractis
338 1797 487 1892 singulis
502 1798 661 1892 partibus
675 1797 818 1891 penitus
832 1797 983 1891 aboleri3
1001 1798 1142 1893 quodsi
1163 1797 1318 1885 fatearis,

163 1980 167 1986 .
200 1935 271 1983 non
282 1925 397 2005 potest
414 1913 490 1984 fieri
508 1926 546 1985 ut
561 1914 701 1985 intinita
718 1913 789 1983 sint
802 1911 991 2006 principia.
1006 1913 1245 1984 confirmatur
1259 1913 1323 1984 de·

200 2026 308 2120 nique
326 2028 503 2099 contraria
520 2027 628 2099 simui
649 2042 684 2100 et
706 2028 805 2099 finita
826 2028 885 2100 illa
904 2050 980 2099 esse
994 2051 1036 2099 ex
1054 2050 1095 2099 eo
1111 2028 1206 2122 quod
1229 2026 1322 2098 reci·

200 2139 291 2214 dunt
312 2143 429 2213 omnia
449 2142 623 2239 principia
647 2128 689 2215 ad
705 2143 942 2216 substantiam
958 2157 993 2222 et
1013 2166 1095 2237 quae
1122 2142 1158 2214 in
1181 2166 1219 2216 ea
1234 2164 1324 2223 con·

202 2257 309 2328 traria
339 2271 443 2345 sunt;
465 2258 663 2330 substantia
690 2274 809 2330 autem
827 2258 938 2330 unius
964 2273 1017 2331 est
1035 2256 1193 2352 generis,
1221 2270 1257 2329 et
1285 2256 1323 2330 iu

202 2394 274 2442 unu
303 2387 337 2442 et
361 2367 483 2444 eodem
513 2396 641 2470 genere
661 2397 732 2445 non
765 2374 885 2467 piures
907 2385 991 2445 sunt
1021 2371 1158 2466 species
1184 2384 1325 2443 coutra-

203 2486 351 2558 rinrum.
384 2488 464 2560 Sint
494 2491 602 2586 igitur
633 2489 733 2561 imita
760 2512 908 2561 numero
934 2487 1132 2583 principia3
1165 2498 1327 2583 superest

205 2601 439 2701 quaenamilla
456 2604 753 2677 sintdefiniamus
771 2603 836 2699 (2).
860 2602 1034 2675 Omnibus
1052 2614 1170 2677 autem
1186 2603 1226 2679 iu
1239 2603 1327 2702 phy-J

204 2717 290 2791 sicis
316 2733 368 2791 cst
390 2720 536 2791 matoria
561 2719 744 2815 quaedam,
772 2718 878 2820 certis
903 2718 1077 2797 instructa
1107 2717 1322 2803 uirtutibus,

201 2836 274 2928 jam
288 2835 523 2929 performata,
542 2849 778 2930 naturamque
803 2833 937 2907 habens
952 2832 1153 2937 propriam,
1173 2832 1327 2928 quasim-¹

206 2964 303 3022 mota
322 2975 384 3046 per
403 2975 463 3043 se,
485 2951 597 3023 motui
616 2951 717 3044 quasi
738 2950 895 3044 subjecta
914 2948 1133 3023 obtenditur.
1156 2954 1242 3021 Nam
1262 2970 1328 3019 ne·
1376 2999 1379 3004 -

206 3087 277 3159 que
290 3065 511 3136 contrarium
525 3076 686 3149 movente
699 3062 877 3135 contrario
894 3062 1073 3134 immutari
1089 3064 1202 3151 decet,
1215 3087 1327 3158 quum

207 3180 352 3273 utrique
366 3179 484 3275 aliqua
503 3201 642 3274 semper
660 3178 729 3250 alia
748 3190 874 3257 natura
893 3177 1095 3271 subjaceat,
1115 3177 1152 3247 in
1171 3201 1241 3272 qua
1255 3200 1329 3249 ver·

206 3307 351 3384 santur3
382 3278 499 3389 neque
532 3292 574 3365 ad
600 3291 711 3387 ipsam
739 3291 971 3367 substantiam
997 3290 1172 3375 eoritraria
1206 3290 1330 3376 referri

207 3431 352 3504 aequum
377 3424 446 3498 est,
480 3402 646 3503 quoniam
670 3408 758 3478 nihit
784 3423 836 3478 est
858 3405 1067 3497 substantiae
1094 3406 1327 3477 contrarium.

209 3531 258 3594 Ex
278 3546 350 3617 quo
365 3522 433 3593 tria
451 3545 527 3593 esse
543 3522 717 3617 principia
739 3549 746 3592 :
776 3521 878 3593 istam
898 3542 1026 3614 nempe
1043 3519 1274 3607 substantiam
1292 3518 1331 3589 in

209 3637 327 3707 medic
349 3618 608 3709 contrariorum
628 3637 795 3730 positum,
818 3649 858 3705 ut
874 3633 1051 3729 passivum
1071 3633 1214 3727 aliquod
1233 3632 1330 3726 priu-

209 3748 367 3841 cipium,
389 3771 626 3843 capacemque
648 3749 858 3842 utriusque,
880 3763 914 3820 et
932 3746 1205 3821 duocentraria.

246 3965 286 4037 (r)
306 3952 366 4021 uin.
380 3966 483 4044 neap.
499 3967 604 4031 tes,
618 3965 719 4033 tter,
734 3966 798 4022 188.
972 4004 975 4010 .

247 4054 286 4126 (a)
305 4054 415 4125 mer,
434 4054 608 4127 censor,
623 4054 643 4110 t.
657 4052 719 4121 rso,
735 4054 798 4110 reu.
817 4074 821 4082 ι
