3025 4975
716 555 874 618 -36-

234 707 338 778 mode
354 703 485 776 sactum
496 703 741 798 intelligamus
756 727 839 775 eum
861 715 985 776 natura
1005 703 1052 776 sit
1069 697 1176 776 unius
1189 703 1290 799 quasi
1305 716 1356 775 te

233 819 331 893 neris
342 833 378 892 et
393 841 589 913 numquam
607 839 728 890 seeum
749 818 824 913 ipsa
845 820 1040 915 repugnet?
1334 829 1336 832 ’

256 1051 259 1056 “
281 1028 412 1101 Eodem
428 1038 529 1122 paeto
540 1040 675 1097 motum
694 1047 878 1119 nunquam
896 1024 1117 1099 defecturum
1131 1049 1207 1099 esse
1221 1028 1353 1099 confis-

229 1157 349 1218 matun
367 1171 375 1213 ι
392 1155 507 1215 movet
523 1142 617 1213 enim
636 1155 749 1213 motor
764 1153 943 1236 quatenus
960 1142 1030 1213 vim
1043 1141 1150 1213 habet
1165 1141 1350 1230 movendi3

229 1272 388 1332 movetur
403 1255 498 1352 qued
512 1254 643 1328 mobile
657 1256 881 1329 esteemdem
897 1255 944 1325 ob
957 1278 1117 1344 eausam,
1141 1256 1224 1352 quin
1240 1280 1278 1329 ea
1297 1269 1350 1330 est

227 1378 306 1467 ejus
321 1387 447 1445 natura
460 1384 498 1444 ut
512 1371 625 1466 possit
639 1370 792 1461 moveri3
812 1371 1020 1444 motusveno
1036 1370 1064 1443 si
1086 1370 1232 1444 omnino
1253 1372 1352 1443 dese·

226 1487 334 1575 cerit,
362 1484 500 1558 desinet
523 1485 628 1556 simul
653 1497 770 1556 motor
789 1483 929 1557 movere
947 1498 983 1557 et
1001 1508 1125 1580 posse,
1153 1486 1295 1558 desinet
1314 1484 1350 1559 id

226 1604 324 1697 quod
341 1599 471 1671 mobile
491 1610 543 1671 est
559 1599 691 1672 moveri
705 1612 741 1670 et
755 1620 857 1693 posse
875 1601 1029 1690 moveri3
1052 1624 1094 1672 ex
1113 1607 1185 1695 que
1200 1600 1350 1673 efficitur

227 1732 266 1788 ut
277 1716 350 1809 jam
369 1712 540 1786 defecerit
566 1712 602 1786 id
623 1714 718 1807 qued
737 1712 877 1800 deficit,
895 1714 996 1807 quasi
1011 1713 1118 1786 homo
1133 1715 1239 1786 simul
1255 1714 1351 1785 ocei-

225 1831 285 1905 dat
304 1845 338 1902 et
356 1829 544 1920 occiderim
573 1829 670 1924 quod
689 1851 770 1899 eum
789 1828 835 1901 sit
854 1826 1068 1917 absurdum,
1086 1830 1168 1922 'jam
1192 1828 1351 1902 menifes-

226 1959 303 2018 tum
322 1957 375 2016 est
388 1944 523 2015 nullam
540 1956 657 2015 motus
669 1942 901 2047 desectionem
922 1944 1091 2016 futuram.
1184 1959 1185 1962 ’

278 2167 455 2262 Objeeenit
474 2180 591 2239 tamen
615 2165 747 2260 aliquis
765 2168 818 2257 (1)
834 2165 905 2237 sive
925 2165 1001 2237 fieri
1019 2188 1163 2237 ornnem
1185 2164 1353 2237 mutatio—

164 2365 168 2370 ,
228 2283 308 2355 nem
333 2307 352 2356 e
375 2282 555 2355 contrario
574 2282 611 2352 in
631 2281 872 2368 eontrarium,
915 2281 1067 2375 ideoque
1088 2281 1197 2353 certis
1216 2280 1351 2351 finibus

228 2397 428 2481 contineri,
459 2396 533 2465 sive
549 2394 729 2465 hominem
744 2407 944 2488 caeteraque
958 2394 1126 2466 animalia
1141 2409 1266 2489 sponte
1279 2418 1352 2465 mo·

228 2512 317 2600 veri,
335 2510 433 2581 nullo
445 2510 551 2605 pulsu
560 2531 704 2582 externo
718 2509 857 2597 ciente,
876 2509 1248 2584 nihilautem'obstnre
1261 2513 1348 2606 quin

227 2626 347 2698 omnia
361 2627 486 2698 eedem
497 2626 607 2720 ‘pacto
619 2648 761 2697 movere
776 2624 961 2720 incipiant.
977 2631 1134 2709 Quarum
1153 2625 1350 2698 contradic.

228 2741 365 2813 tionum
384 2742 491 2811 altera
512 2739 685 2833 extemplo
702 2738 851 2811 solvitur
869 2740 899 2810 si
916 2739 1187 2834 metusquidam
1199 2740 1348 2812 situntts

229 2869 263 2927 et
283 2855 492 2944 continuus,
516 2853 612 2926 verbi
627 2875 731 2925 eausa
753 2867 871 2927 motus
888 2853 948 2925 ille
960 2854 1023 2949 qni
1040 2856 1078 2925 in
1095 2854 1218 2926 orbem
1235 2854 1347 2927 flecti·
1375 2862 1376 2865 ’

230 2982 307 3060 tur3
326 2969 435 3042 altera
456 2992 525 3043 nott
543 2954 656 3064 pluris
672 2982 725 3041 est
744 2969 773 3043 si
784 2994 863 3042 sein
880 2969 970 3041 bene
983 2971 1219 3042 attendamus.
1235 2968 1349 3039 Unius

230 3083 327 3155 enim
356 3096 472 3172 metus
501 3083 718 3178 principium
739 3084 777 3161 in
800 3107 838 3155 se
856 3084 987 3157 habent
1012 3084 1199 3171 animalia,
1222 3105 1349 3177 nempe

231 3198 339 3291 hujus
358 3196 420 3292 qui
436 3198 475 3269 fit
492 3197 528 3267 in
549 3198 645 3291 10003
667 3197 896 3270 hune'autem
918 3198 1053 3270 nonita
1072 3198 1229 3270 efficiunt
1249 3197 1350 3291 quasi
1422 3191 1425 3196 ’

231 3316 335 3408 plane
356 3330 496 3385 movere
513 3313 701 3408 incipient,
719 3313 823 3385 etiam
839 3313 869 3385 si
890 3312 989 3385 nulla
1007 3312 1206 3386 motioante
1226 3310 1348 3403 suerit3

231 3428 291 3499 sed
318 3442 379 3498 eut
404 3413 520 3499 metus
543 3427 690 3516 latebat,
717 3452 799 3500 eum
817 3428 1051 3499 nihilominus
1077 3428 1174 3497 intus
1185 3422 1350 3520 signet,

231 3553 291 3612 aut
307 3540 413 3634 pulsu
427 3556 572 3612 externo
590 3541 696 3613 hemo
713 3543 757 3614 ad
774 3539 951 3634 agendum
970 3554 1023 3613 est
1041 3540 1351 3633 excitatus3puisu

230 3654 326 3726 enim
344 3668 489 3726 externo
504 3653 693 3726 sollicitate
714 3656 876 3727 voluntas
895 3670 1006 3728 totum
1028 3654 1207 3739 hominem
1229 3653 1352 3746 impel-

231 3768 292 3858 lit3
309 3768 356 3839 ita
375 3779 415 3839 ut
436 3779 553 3839 motus
574 3768 713 3857 omnis,
729 3768 836 3840 etiam
857 3769 894 3840 in
906 3767 1169 3856 animantibus,
1191 3790 1232 3839 ex
1249 3777 1347 3837 motu

228 3883 457 3955 antecedente
471 3883 635 3977 pendeat.

264 4124 302 4203 (t)
321 4123 382 4181 tn.
394 4122 597 4205 vnneapn,
612 4123 790 4190 insensa.
