3025 4975
201 574 272 649 que
289 549 524 646 privationem
544 560 584 620 ut
596 544 815 642 principium
838 540 982 639 aliquod
1005 539 1179 615 dissimile
1197 540 1321 635 sejun-

200 664 617 764 gitasubstantia.Quam
627 659 883 757 principiorum
894 656 1322 744 adumbrationemevero

200 805 277 859 esse
290 802 491 877 expressam
509 802 551 851 ex
568 800 610 849 eo
628 776 817 850 confirmat
830 774 928 871 quod
942 772 1104 846 tenebras
1117 794 1242 846 ornnes
1263 793 1325 844 na-

201 909 291 969 turae
308 893 475 981 discutit,
492 891 698 984 divellitque
710 887 1137 984 omnesphilosophorum
1151 884 1320 981 argutias,

201 1013 240 1086 in
255 1008 380 1106 primis
395 1006 644 1080 Eleaticorum.

252 1201 300 1269 Er
332 1217 404 1291 quo
426 1192 590 1288 sequitur
605 1190 678 1288 (t),
700 1189 730 1263 si
750 1204 887 1263 naturae
906 1187 999 1285 leges
1013 1204 1136 1263 tenere
1152 1191 1321 1278 velimus,

202 1310 239 1384 in
253 1331 383 1382 coesse
402 1305 656 1381 elaborandum
672 1321 712 1378 ut
733 1304 891 1398 primum
911 1327 1075 1401 quaenam
1090 1304 1137 1377 sit
1149 1305 1327 1400 cujusque*

203 1424 349 1495 materia
374 1436 577 1508 teneamus,
617 1419 703 1515 quid
734 1418 771 1488 in
802 1440 840 1490 ea
862 1417 1008 1520 materia
1027 1403 1186 1501 deficiat,
1217 1441 1323 1515 quam

202 1551 344 1634 appetat
363 1539 525 1612 sormam.
548 1542 603 1609 'Ne
622 1549 740 1608 tamen
765 1536 920 1626 fructum
944 1559 1060 1631 operae
1078 1559 1220 1610 ornnem
1239 1560 1326 1632 per·

204 1651 339 1746 cepisse
364 1650 595 1743 arbitremur,
623 1649 653 1721 si
679 1648 883 1722 summatim
908 1649 1025 1743 qualia
1054 1649 1124 1721 sint
1145 1674 1185 1722 ea
1205 1673 1328 1723 rerum

203 1766 380 1862 principia
392 1764 656 1859 collegerimus,
674 1785 746 1834 non
761 1775 814 1835 est
826 1762 922 1834 enirn
935 1763 1054 1855 atiqua
1065 1765 1329 1838 universasub·

205 1880 345 1969 stantia,
360 1901 430 1951 una
440 1894 474 1952 et
481 1878 604 1951 eadem
615 1878 650 1948 in
666 1877 848 1966 omnibuS,
865 1900 907 1949 ex
921 1901 991 1972 qua
1006 1877 1324 1973 singuiaoriantur3

206 2016 270 2068 sua
285 2017 365 2066 vero
379 1993 512 2088 cuique
522 1991 667 2087 propria
678 1990 837 2079 materia,
854 2013 917 2063 sua
928 1993 1041 2064 forma
1055 2006 1127 2086 est3
1143 2015 1225 2064 nam
1237 1992 1328 2065 nihit

206 2130 396 2182 commune
416 2107 498 2180 t'ecit
512 2122 659 2196 natura,
681 2106 743 2178 sed
761 2105 936 2201 singulam
956 2106 1106 2202 singulis
1128 2106 1226 2180 dedit
1240 2106 1329 2180 sub·

206 2224 392 2309 stantiam,
410 2221 522 2295 varias
546 2218 672 2292 tribuit
691 2218 845 2314 species,
878 2219 994 2291 varios
1014 2219 1057 2291 ad
1083 2205 1171 2293 tines
1189 2242 1330 2296 accom-

208 2336 376 2413 modavit.
405 2333 505 2408 Hanc
536 2336 662 2407 ducem
695 2347 730 2405 et
758 2332 963 2428 magistram
992 2335 1103 2408 secuti
1119 2359 1191 2408 non
1212 2338 1329 2433 magni

207 2449 482 2536 aestimabimus,
502 2461 590 2522 teste
609 2447 820 2537 Aristotele,
845 2448 936 2522 hanc
963 2449 1149 2524 scientiam
1167 2475 1210 2525 err
1227 2476 1331 2549 geue·

208 2592 290 2641 rum
311 2565 434 2639 notitia
452 2564 659 2653 conflatam,
697 2586 779 2658 quae
806 2586 930 2658 parum
954 2565 997 2638 ab
1013 2566 1210 2661 ignorantia
1236 2569 1330 2664 vulgi

208 2682 405 2774 discrepat;
436 2691 545 2752 totam
571 2700 653 2749 vero
676 2699 821 2771 operam
839 2678 893 2769 (ἢ)
912 2678 956 2750 ad
982 2680 1247 2776 percipiendam
1265 2707 1329 2758 cu-

204 2797 338 2891 jusque
350 2792 401 2867 rei
421 2808 583 2865 naturam
605 2791 845 2864 conteremus.
874 2797 919 2864 Ut
941 2792 1039 2864 enim
1056 2796 1200 2887 prodest
1213 2809 1330 2873 strue·

210 2907 279 2980 tori
305 2905 437 2981 aedium
455 2929 526 2980 non
547 2905 652 2979 modo
672 2905 810 2979 nouisse
824 2906 983 2999 lapidum
1004 2910 1276 3013 tegularumque
1296 2932 1331 2993 et

208 3020 389 3116 tignorum
413 3019 614 3109 materiam,
638 3019 769 3114 quibus
788 3020 825 3090 in
845 3020 1052 3095 aedificanda
1067 3026 1172 3098 domo
1190 3040 1327 3122 utatur,

208 3157 330 3208 verum
360 3132 465 3206 etiarn
479 3132 565 3228 quid
581 3156 622 3205 ex
647 3134 718 3205 iilis
740 3133 817 3206 fiori
840 3134 969 3229 possit,
985 3160 1091 3232 quarn
1111 3140 1154 3210 ad
1180 3141 1331 3220 sormam

208 3250 269 3324 illa
286 3246 551 3324 accommodare
578 3247 613 3323 in
631 3250 751 3322 animo
766 3249 911 3339 habeat,
944 3250 995 3326 sic
1014 3251 1108 3329 fidus
1121 3275 1257 3331 naturae
1275 3260 1331 3334 iu-

209 3380 346 3460 terpres
359 3368 546 3459 postquam
574 3363 788 3437 inteliexerit
805 3388 969 3460 quaenam
984 3367 1030 3441 sit
1047 3371 1332 3473 uniuscujusque

209 3477 355 3551 materia
370 3474 486 3573 prima
502 3477 539 3548 in
562 3477 716 3573 hisquae
735 3490 861 3573 natura
884 3479 1100 3576 gignuntur,
1114 3485 1144 3557 si
1163 3508 1333 3588 percepe-

210 3591 259 3665 rit
271 3589 376 3665 etiam
390 3612 499 3687 quam
513 3588 557 3666 ad
570 3590 717 3665 formam
730 3592 870 3688 singula
885 3601 1210 3692 accommodentur,
1223 3627 1331 3701 quern

244 3945 286 4019 (t)
303 3945 369 4006 Lib.
385 3946 415 4018 1,
429 3960 491 4021 cap.
504 3947 540 4018 9,
553 3947 575 4006 t.
592 3946 660 4014 tta,
672 3955 701 4008 et
712 3965 786 4029 pass·

246 4035 287 4110 (2)
305 4033 366 4094 nio.
381 4031 655 4110 11,cap.8‚t.195.
