3025 4975
619 500 801 562 ..49..,

131 669 165 726 et
180 674 337 748 congrua
352 650 546 726 haeretic
571 650 733 738 videtum
755 646 1025 720 mathematicus
1050 647 1146 718 enim
1167 672 1258 742 prae·

134 767 257 844 missas
272 747 498 840 definitiones
513 779 553 837 ct
567 765 731 836 universa
754 763 857 854 effata
877 762 1121 835 ratiocinando
1144 764 1257 836 varias

85 911 93 922 ·
132 884 169 955 in
197 894 315 978 partes
340 880 497 967 diducit,
519 895 556 952 et
570 878 755 975 quidquid·
775 876 1078 972 complectebatur
1096 880 1258 952 delinitio

133 996 269 1092 prolert
286 995 323 1068 iu
350 992 519 1068 modium.
541 994 612 1065 Sed
632 992 825 1090 longealia
844 1005 984 1064 naturae
995 992 1182 1087 interpreti
1203 1006 1257 1066 te-

134 1114 250 1186 nenda
264 1124 317 1185 cst
337 1109 391 1183 via
418 1124 459 1181 ut
490 1111 611 1181 verum
634 1108 671 1179 in
698 1109 807 1180 rebus
827 1105 1001 1212 percipiat
1017 1134 1026 1175 ι
1043 1107 1080 1178 in
1104 1124 1261 1182 contem·

134 1226 290 1322 platione
303 1225 400 1299 enim
418 1237 555 1296 naturae
571 1246 642 1295 non
661 1223 757 1294 ultro
777 1245 906 1317 genera
923 1222 982 1293 illa
995 1243 1033 1293 se
1041 1222 1201 1297 ollerunt
1220 1250 1261 1299 ex

135 1334 1261 1436 quibustotamanatrorumnotitimterendaquodammodovia

134 1471 207 1542 est,
229 1454 422 1551 multoque
434 1453 554 1527 labore
566 1445 775 1525 enitendum
791 1468 831 1525 ut
850 1452 1006 1548 primum
1018 1454 1131 1524 varias
1144 1456 1262 1549 cujus·

19 1590 24 1598 ·
135 1592 205 1663 que
219 1569 357 1663 species
371 1583 408 1640 et
425 1567 608 1661 propriam
634 1580 798 1640 naturam
818 1553 993 1663 intelligas
1013 1582 1049 1640 et
1073 1584 1262 1665 postquam

136 1684 277 1779 singula
293 1683 518 1756 membratim
531 1696 566 1754 et
579 1705 640 1777 per
655 1676 774 1777 partos
786 1683 1004 1777 perceperis,
1020 1681 1057 1756 in
1072 1671 1263 1778 generedi-

71 1869 77 1878 .
140 1820 252 1893 geras.
285 1803 363 1872 Non
377 1808 674 1891 praeoccupantur
701 1797 796 1867 enim
817 1796 950 1868 mentis
980 1798 1182 1889 coniectura
1206 1822 1268 1870 na·

142 1933 231 1988 turae
268 1917 384 2011 legeS‚
419 1937 538 2009 neque
571 1914 814 2009 anticipantur
854 1933 1003 2010 genera,
1039 1916 1101 1988 sed
1129 1930 1267 1991 tantum

142 2028 368 2125 experiendo·
392 2042 428 2101 et
462 2029 602 2124 singula
635 2029 875 2122 particulatim
908 2028 1108 2124 indagando
1138 2054 1267 2104 arcana

141 2145 267 2219 mundi
290 2142 537 2228 recluduntur,
556 2159 594 2217 et
623 2144 840 2239 franguntur
861 2143 1018 2216 claustra
1042 2160 1190 2218 naturae.
1222 2160 1266 2220 At

142 2262 174 2334 si
193 2260 365 2355 neglecta
398 2258 558 2352 ,partium
587 2258 886 2353 contemplatione
919 2262 963 2331 ad
984 2283 1122 2332 summa
1146 2259 1266 2334 'statim

141 2397 271 2470 genera
292 2374 459 2460 accedas,
488 2373 592 2444 variis
617 2373 821 2472 implicatus
845 2373 881 2445 in
912 2374 1183 2450 definitionibus
1208 2393 1269 2451 aut

142 2513 267 2584 parum
285 2503 347 2563 aut
364 2488 458 2560 nihil
476 2488 625 2567 omnino
645 2479 833 2563 adderam
853 2491 1039 2564 scientiam
1057 2494 1263 2588 proieceris.

141 2603 238 2688 Quid
257 2603 355 2681 enim
370 2603 509 2676 confert
525 2602 570 2675 ad
594 2603 814 2697 singularum
833 2628 955 2676 rerum
981 2606 1143 2678 notitiam
1165 2625 1268 2683 natu·

141 2718 401 2814 cumprimum
424 2732 486 2790 aut
500 2729 650 2789 motum
680 2717 884 2789 summatim
921 2718 1090 2807 delinire,
1111 2745 1192 2792 cum
1211 2748 1267 2795 na·

143 2853 224 2909 tura
254 2832 342 2928 quid
359 2831 411 2904 sit
430 2831 506 2925 ipsa
532 2833 772 2926 neconjicere
791 2833 937 2927 quidem
960 2834 1156 2927 possimus,
1179 2840 1265 2930 quin

144 2950 302 3023 diversus
316 2946 412 3019 illius
428 2945 536 3019 loetus
553 2946 718 3042 variaque
730 2970 836 3040 opera
854 2950 1147 3041 perceperimus?
1196 3034 1200 3040 Π

195 3314 272 3382 Non
286 3311 371 3383 satis
389 3324 504 3381 tamen
525 3310 631 3381 luerit
656 3333 785 3405 genera
803 3312 996 3383 dissolvere
1017 3313 1051 3382 in
1076 3313 1189 3384 varios
1208 3335 1266 3382 or·

145 3425 265 3519 dines,
286 3440 479 3521 partesque
491 3447 615 3498 omnes
630 3425 784 3498 vicissim
813 3438 946 3498 tentare
965 3440 1001 3498 et
1022 3425 1265 3499 differentias:

144 3554 290 3636 praestat
304 3540 401 3612 enim
426 3540 519 3612 scire
538 3563 703 3633 quaenam
732 3541 778 3612 sit
794 3540 888 3613 inter
909 3563 969 3612 eas
984 3541 1119 3636 species
1136 3541 1269 3612 simili-

146 3653 232 3727 tudo
246 3656 514 3743 etcommunio,
530 3655 660 3748 quaein
673 3677 802 3749 genera
814 3669 998 3749 cogantur.
1016 3661 1101 3726 Nam
1117 3655 1269 3748 cognitis

145 3768 307 3862 partibus
323 3769 606 3864 experimentum
631 3781 795 3841 tenemus
817 3782 852 3839 et
882 3768 1037 3840 scientiae
1061 3769 1161 3862 quasi
1199 3768 1270 3862 pri·

147 3905 241 3955 marn
258 3867 462 3977 materia'm3
485 3882 547 3955 sed
565 3905 607 3954 ex
628 3884 820 3978 generibus
837 3895 975 3955 tantum
993 3905 1049 3954 ars
1079 3895 1215 3954 constat
1233 3898 1268 3952 ct

148 4019 227 4070 vera
237 3997 397 4070 scientia.
413 4003 490 4070 Uno
504 3997 611 4070 verbo
632 4019 703 4069 non
717 3996 904 4069 inchoatur
918 4020 936 4068 a
951 3996 1141 4092 generibus
1158 3997 1268 4068 scien·

148 4111 216 4199 tia,
239 4114 299 4184 sed
318 4114 497 4206 perceptis
512 4110 610 4206 prius
631 4111 827 4186 individuis
841 4114 875 4182 in
897 4136 1023 4207 genera
1043 4112 1179 4184 recidit.
