3025 4975
612 552 772 610 -13-

112 749 116 758 ι
131 701 414 788 termenandum,
429 717 634 797 certamque
648 701 801 796 partium
816 697 1101 794 dispositionem,
1119 703 1157 774 ut
1171 705 1251 776 des·

130 817 282 889 tinatum
297 830 422 889 natura
436 831 644 911 assequatur
653 845 665 902 3
685 817 780 908 quod
799 814 828 886 si
842 811 929 913 quid
949 815 1147 901 inmateria
1162 816 1251 888 den-

129 930 214 1018 ciat,
237 955 279 1003 en
304 955 346 1005 eo
365 954 505 1004 errores
523 942 559 1003 et
583 940 766 1027 portenta,
791 953 864 1002 non
881 942 1018 1003 naturae
1038 928 1163 1027 culpa,
1189 929 1252 1004 sed

130 1041 411 1133 materiae'vitio,
432 1044 526 1117 fieri.
799 1060 801 1068 ’

178 1236 280 1303 Nunc
293 1244 411 1305 autem
431 1285 442 1319 ‚
463 1244 575 1327 quum
587 1232 660 1326 Jam
676 1225 819 1313 abunde
839 1220 1090 1304 confirmatum
1112 1232 1158 1304 sit
1174 1245 1252 1305 turn

111 1342 112 1345 ’
130 1361 292 1420 naturam
316 1359 475 1441 spectare
495 1347 666 1419 adfinem
686 1367 793 1443 quem
815 1341 981 1438 non'sine
998 1346 1145 1418 materia
1158 1368 1255 1419 asse-

129 1475 281 1558 quatur,
296 1474 371 1534 tum
387 1463 492 1535 etiam
506 1485 546 1534 ea
561 1485 642 1558 quae
657 1463 695 1533 in
715 1461 776 1534 itta
794 1460 962 1533 mendose
975 1463 1064 1534 liunt
1077 1484 1096 1532 a
1111 1461 1254 1534 fortuna

129 1590 164 1648 et
195 1598 278 1649 casu
308 1577 489 1673 pendere,
524 1600 563 1650 ea
592 1591 734 1671 autem,
766 1590 805 1648 ut
834 1575 996 1676 fortuita,
1020 1575 1155 1671 percipi
1181 1600 1253 1649 non

129 1696 252 1787 posse,
274 1705 380 1764 restat
396 1706 434 1765 ut
455 1706 561 1767 totam
589 1694 762 1766 rationem
781 1691 964 1787 physicam
983 1691 1020 1762 in
1039 1692 1198 1763 materiae
1219 1706 1255 1767 et

116 1799 254 1881 ‘finium
274 1809 402 1882 notitia
424 1811 553 1904 versari
574 1809 805 1882 arbitremur.
827 1815 871 1879 At
893 1806 1254 1903 discrimenaliquod

8 1943 20 1952 ’
41 1972 44 1976 »
130 1922 224 1994 inter
241 1923 318 1996 haee
336 1925 407 1996 duo
423 1924 599 2019 principia
620 1923 822 1998 iaciendum
840 1928 913 2014 (υς
934 1945 1007 1995 non
1022 1920 1144 1996 eadem
1159 1923 1255 1996 enim

130 2054 184 2111 est
209 2040 400 2136 utriusque
426 2039 593 2135 dignitas·
620 2046 707 2112 Nam
736 2040 907 2135 quoniam
926 2038 962 2108 in
978 2038 1136 2132 physicis
1164 2039 1255 2111 nihil

131 2153 224 2223 inter
243 2150 351 2223 finem
373 2155 565 2248 cujusque,
589 2169 623 2227 et
647 2168 765 2227 motus
784 2152 1000 2250 principium
1033 2153 1256 2248 formamque

132 2269 246 2365 ipsam
259 2267 405 2342 interest
414 2327 428 2361 ,¹
441 2287 684 2366 praetereaque
698 2284 833 2342 naturae
858 2269 953 2365 leges
971 2291 1183 2364 cognoscere
1199 2290 1257 2340 ar·

129 2381 308 2476 hitramur
322 2384 434 2487 multo
452 2385 570 2458 minus
589 2385 619 2458 si
638 2383 818 2457 materiam
833 2382 1079 2473 indefinitam,
1102 2405 1208 2478 quam
1224 2384 1256 2457 si

116 2501 318 2605 ‘essentiam
339 2515 374 2574 et
389 2502 536 2574 sormam
551 2503 693 2598 penitus
705 2503 932 2590 intueamur,
957 2501 1071 2596 pluris
1084 2500 1256 2576 iaciamus

132 2637 275 2689 necesse
289 2632 341 2689 est
355 2617 461 2690 finem
479 2619 682 2713 percepisse
697 2640 803 2714 quam
821 2615 1019 2690 materiam.

115 2838 121 2844 -
182 2793 232 2860 Ne
248 2789 335 2861 setis
356 2789 499 2882 quidem
526 2791 648 2865 fuerit.
655 2790 851 2887 generatim
869 2803 905 2863 et
924 2813 996 2863 uno
1015 2789 1258 2863 verbodicere

132 2901 221 2995 quid
235 2904 281 2976 sit
303 2904 440 2993 forma,
465 2903 551 2999 quid
572 2905 719 2977 materia
739 2906 813 3002 (2);
835 2907 897 2979 sed
917 2929 1028 2999 quum
1047 2906 1169 2999 plures
1186 2904 1258 2978 sint

135 3017 292 3115 materiae
311 3030 346 3090 et
366 3018 489 3091 formae
508 3018 666 3112 species,
687 3019 757 3092 erit
775 3014 1036 3118 requirendum
1053 3018 1198 3113 proprie
1214 3017 1259 3089 de

134 3130 285 3226 singulis
300 3133 407 3205 rebus
419 3131 599 3227 quomodo
616 3156 655 3205 se
671 3131 716 3207 ad
729 3156 770 3206 ea
789 3132 966 3229 principia
982 3133 1146 3221 habeant,
1164 3155 1259 3229 quae-

116 3269 215 3319 -nam
241 3248 288 3319 sit
310 3246 484 3319 individui
504 3249 679 3342 cujusque
705 3261 854 3336 natura,
883 3270 991 3342 quam
1009 3246 1053 3319 ad
1071 3268 1259 3318 causarum

136 3361 287 3456 speciem
307 3385 460 3458 quaeque
479 3361 697 3451 reserantur,
724 3361 820 3434 verbi
846 3384 950 3434 caum
976 3374 1096 3432 utrum
1117 3381 1136 3430 e
1154 3381 1259 3432 causa

136 3485 308 3580 singulari
327 3508 371 3557 an
398 3485 586 3574 universa,
607 3486 762 3580 simplici
785 3508 829 3557 an
849 3498 1035 3574 concreta,
1056 3483 1258 3579 propinqua

135 3620 181 3668 an
203 3598 392 3674 remotiore
410 3601 601 3696 pendeant.
1136 3606 1140 3611 ’

4 3770 6 3833 Γ
116 3742 123 3751 ’
185 3731 1259 3876 Sequiturexhissupradisputatisquidinterphysieum(3)›

4 4004 6 4043 ³
124 4008 591 4106 ‘mmnmamm

175 4120 588 4199 mmnwmm.

177 4208 702 4300 (armueapatrat.⁸
