3025 4975
688 504 728 515 ..
748 476 787 534 23
809 504 847 516 ..

161 663 163 666 -
205 617 307 692 'l'ttlle
320 620 418 693 enim
434 618 564 691 moneri
584 618 719 714 aliquid
732 629 989 710 asseveramus,
1008 623 1121 716 quum
1136 599 1325 717 quemdem

206 735 505 829 deprehendimus
522 737 782 805 'momentorum
803 735 953 825 sellem,
976 749 1010 807 et
1024 735 1209 829 prins'hoe
1224 760 1323 828 esse,

205 850 381 943 posterius
398 849 494 921 istud
514 848 747 943 intelligimus
762 874 771 939 3
787 850 911 921 eodem
932 853 1036 944 paeto
1056 862 1131 921 tum
1147 874 1223 923 esse
1237 864 1327 922 tem-

205 985 273 1057 pus
292 987 373 1035 oum
390 964 546 1057 aliquem
560 962 596 1033 ln
614 974 711 1035 motu
730 963 1032 1036 continuationem
1053 978 1088 1035 et
1114 964 1206 1036 venie
1225 966 1327 1060 quasi

205 1093 382 1150 momenta
410 1077 641 1171 percipimus.
665 1083 777 1150 Motus
798 1077 932 1171 igitur,
960 1093 1136 1173 quatenus
1155 1101 1196 1149 ex
1223 1079 1327 1151 variis

203 1193 341 1265 constal
373 1191 564 1274 ⁴momentis
580 1189 623 1263 el
647 1192 831 1264 numerari
860 1206 995 1285 potest,
1021 1191 1206 1263 constituit
1237 1205 1328 1264 tem·

131 1308 132 1311 ’
204 1329 292 1401 pns3
308 1321 349 1381 ex
365 1329 436 1401 quo
450 1308 615 1402 sequitui·
632 1320 774 1401 tempus
791 1328 867 1406 esse
879 1319 1071 1396 numerum
1087 1305 1123 1397 in
1140 1310 1253 1393 motu,
1268 1321 1329 1379 aut

196 1435 339 1492 mottim
357 1420 474 1515 ipsum
488 1434 664 1514 quatenns
681 1434 910 1514 nummulum
938 1419 1103 1515 seqnitur
1115 1420 1220 1492 etiam
1237 1436 1329 1494 tem-

203 1557 271 1630 pns
288 1558 360 1607 non
374 1531 439 1629 pen
451 1549 488 1608 so
503 1543 602 1622 esse,
618 1532 679 1609 sed
695 1536 851 1629 pendere
867 1559 887 1607 e
903 1550 1001 1608 motu
1019 1535 1123 1629 onJus
1138 1536 1185 1608 sit
1201 1558 1328 1608 nume-

203 1661 283 1734 rus,
299 1649 454 1746 pendere
466 1673 507 1723 ex
521 1651 702 1724 intellectu
717 1653 789 1745 quo
805 1650 944 1722 sublato
963 1647 1056 1721 nihil
1075 1649 1188 1745 possit
1203 1672 1328 1738 nnme-

203 1764 287 1836 iani.
644 1757 647 1766 ’
959 1762 967 1770 ”

216 2005 217 2008 “
252 1974 407 2072 Tempus
422 1999 533 2071 quum
545 1977 594 2050 itu
611 1979 656 2050 sit
674 1978 931 2068 delinitum-in
945 1990 1066 2072 epento
1081 1992 1134 2049 est
1148 1961 1327 2072 quomodo

201 2094 313 2186 possit
333 2105 729 2165 tumeonstereseoum
752 2107 788 2165 et
806 2093 900 2166 idem
920 2107 1084 2179 manere,
1107 2108 1180 2188 tum
1203 2106 1327 2163 contro

202 2229 343 2302 semper
362 2206 546 2278 immolani
570 2206 625 2303 ll)
650 2232 658 2275 ε
689 2206 784 2279 idem
809 2209 904 2279 enim
928 2208 1059 2280 dicitur
1078 2231 1153 2279 esse
1169 2230 1211 2279 eo
1229 2206 1325 2301 quod

201 2338 382 2394 momentu
415 2320 596 2393 individue
625 2320 759 2416 quibus
793 2323 974 2394 definitur·
1006 2322 1252 2416 dividiturque
1287 2324 1325 2393 in

200 2449 340 2531 portes,
361 2458 403 2509 ex
419 2435 552 2532 quihus
563 2448 701 2508 constat
718 2436 827 2509 totius
844 2436 1013 2530 temporis
1032 2457 1215 2524 mensum,
1235 2460 1327 2510 sem·

200 2576 263 2647 pen
275 2567 359 2625 sunt
373 2576 434 2646 pen
452 2572 488 2623 se
500 2551 642 2640 eodemg
659 2553 960 2646 disenepetentem
977 2563 1119 2647 tempus
1136 2568 1325 2649 atempore

201 2669 297 2763 quod
307 2684 344 2739 ee
354 2680 530 2740 momenta
540 2689 680 2760 semper
691 2667 726 2737 in
736 2666 884 2738 divensis
895 2682 1092 2755 versentur,
1108 2692 1218 2761 quum
1230 2692 1271 2741 ea
1280 2668 1334 2739 sit

202 2797 319 2857 motus
336 2798 460 2856 natum
475 2797 514 2854 nt
528 2805 667 2879 semper
682 2781 819 2878 aliquid
831 2784 909 2854 novi
923 2784 1079 2876 proferat
1094 2785 1130 2855 in
1149 2783 1320 2856 medium.

222 3065 225 3069 ,
250 2989 408 3089 Adios,
439 3008 580 3088 tempus
604 3006 657 3066 est
677 2994 891 3079 continuum
915 3007 950 3063 et
979 2991 1120 3063 infinite
1139 2991 1323 3064 dividuum

200 3108 321 3186 eedem
344 3113 482 3193 notione
506 3136 580 3208 qua
605 3124 742 3200 motus,
774 3111 810 3182 in
835 3134 906 3205 quo
933 3122 997 3181 est.
1029 3107 1203 3183 Dividitur
1228 3109 1322 3180 enim

201 3239 386 3298 momento
407 3226 574 3321 piaesenti
595 3224 650 3317 (ἢ)
680 3244 722 3322 τῷ
745 3240 820 3310 νῦν,
853 3238 890 3295 ut
914 3237 1048 3316 puncto
1075 3223 1188 3314 linen3
1228 3221 1324 3316 quod

200 3353 419 3412 momentum
437 3338 596 3434 quemvis
617 3362 731 3432 noque
748 3360 829 3432 pons
849 3337 969 3432 aliqua
988 3339 1155 3431 temporis
1171 3337 1234 3426 sit,
1259 3360 1322 3408 ne-

199 3477 269 3546 que
306 3456 463 3549 ejusdem
493 3453 896 3553 mensura,·quonia1n
931 3451 1179 3551 individuum,
1216 3452 1323 3524 efficit

198 3578 317 3640 tamen
344 3582 382 3640 nt
414 3554 602 3664 metiemur
623 3583 786 3662 tempus,
814 3567 1011 3661 dividitque
1037 3565 1127 3637 illud
1148 3566 1185 3636 in
1205 3579 1323 3661 pontes

198 3682 385 3774 exquibus
403 3705 569 3755 mensum
588 3694 654 3755 est.
735 3708 739 3717 ’
769 3708 772 3714 ·
1070 3690 1072 3693 ’

234 3934 276 4006 n)
289 3930 763 4004 Lth.1v‚cep12‚t22tt‚221.

189 4038 191 4041 ·
235 4018 1322 4095 (nltib.1v,cap.13,'t222.Lib.v1‚cap.3‚t‘,5‚o,7‚t23t‚

198 4112 261 4170 238,
455 4155 457 4159 .
