3025 4975
567 515 723 576 ..ῃ-

88 679 160 741 tur.
175 667 227 741 ad
237 669 317 756 hoc,
328 666 429 762 prior
438 677 492 737 est
504 677 579 737 tum
590 664 745 738 essentia
759 662 888 761 (οὐσίᾳ),
901 661 1048 756 'quando
1061 656 1208 754 quidem

90 782 129 855 in
145 783 341 862 histantum
355 782 462 854 rebus
477 779 655 854 inuenitur
670 802 750 875 quae
765 775 1056 870 habentspeciem
1070 777 1210 865 (elloglet
1230 797 1236 810 ·

89 911 250 971 naturam
267 898 407 991 plenam
422 909 528 991 atque
538 895 730 989 perlectam
744 921 754 984 3
773 905 847 964 tum
862 893 958 986 quod
972 913 1014 963 eo
1027 901 1125 961 motu
1139 912 1210 961 mo·

88 1024 215 1084 ventur
237 1033 473 1106 quaecumque
494 1033 531 1083 se
564 1009 640 1102 ipsa
666 1019 827 1095 movent;
848 1018 925 1078 tum
944 1002 1101 1097 denique
1125 1002 1211 1098 quia

89 1127 187 1202 solus
200 1138 316 1221 potest
334 1148 412 1198 esse
425 1133 594 1215 aeternus.
932 1122 940 1126 ’

139 1344 184 1408 At
208 1362 289 1411 eum
315 1340 435 1433 plures
459 1340 531 1412 sint
554 1342 590 1411 in
616 1340 693 1412 looo
719 1354 838 1413 motus
860 1342 985 1434 (llet
1006 1360 1079 1409 non
1102 1357 1210 1408 uuam

88 1449 249 1525 eamdem
264 1456 417 1547 speciem
428 1478 551 1528 omnes
565 1457 748 1549 praebeant
760 1452 951 1550 (quidquid
965 1452 1061 1525 enim
1074 1450 1123 1522 ita
1138 1472 1213 1521 mo·

89 1578 190 1636 vetur
203 1579 270 1638 aut
283 1568 427 1663 oblique
445 1569 599 1642 lleclitur
611 1570 649 1642 iu
664 1572 802 1656 orbem,
818 1582 881 1640 aut
899 1583 995 1640 recte
1010 1568 1138 1653 fertur,
1151 1579 1213 1638 aut

89 1701 130 1751 ex
146 1673 297 1775 utroque
308 1687 474 1774 constat),
490 1684 583 1757 inter
595 1708 655 1757 eos
668 1697 789 1758 motus
801 1683 915 1755 varios
929 1705 1041 1754 unum
1056 1681 1211 1776 aliquem

12 1817 13 1838 ¹
89 1797 191 1867 daret
201 1818 277 1869 esse
285 1798 453 1893 primum,
466 1800 563 1872 hunc
576 1798 740 1872 videlicet
754 1798 816 1894 qui
829 1797 875 1870 sil
888 1797 1095 1875 continuus.
1109 1796 1212 1879 Quod

88 1906 119 1980 si
134 1930 207 1980 non
221 1913 466 1986 continuussit
481 1914 539 1986 ille
551 1914 615 2009 qui
626 1927 722 1987 reete
734 1914 861 1998 fertur,
877 1909 1127 2006 sequiturilieo
1140 1932 1212 1982 non
1290 1993 1291 1996 Ἴ

15 2085 19 2092 .
89 2044 167 2096 esse
176 2026 387 2097 continuum
401 2028 497 2099 hunc
509 2052 550 2101 ex
566 2043 662 2100 recto
676 2042 710 2100 et
724 2027 870 2120 obliquo
883 2028 1089 2098 conflatum.
1105 2032 1213 2096 Recte

90 2150 209 2209 autem
227 2137 312 2209 ferri
328 2140 464 2234 aliquid
483 2142 654 2215 continuo
675 2155 773 2212 motu
793 2139 973 2234 quomodo
989 2150 1115 2232 potest,
1131 2161 1212 2209 com

90 2248 137 2321 sil
151 2250 292 2322 finitum
312 2255 491 2348 spatium‘l
505 2262 545 2327 In
560 2279 597 2328 se
609 2255 717 2352 igitur
732 2254 932 2328 reflectitur
945 2252 1042 2348 quod
1058 2253 1105 2326 ita
1119 2265 1214 2325 recte

42 2358 47 2368 ’
90 2362 217 2451 lemur,
234 2388 275 2437 ex
295 2387 367 2462 quo
382 2368 534 2441 efficitur
547 2382 587 2441 ut
606 2370 652 2443 sit
669 2369 763 2442 ineo
784 2383 897 2455 motu,
913 2391 955 2439 ex
970 2366 1078 2444 variis
1092 2365 1215 2439 motio·

89 2477 244 2552 nibuset
255 2484 444 2555 contrariis
455 2486 621 2576 conflato,
634 2484 782 2557 cessatio
795 2480 1066 2578 etintercapedo
1078 2482 1213 2576 aliqua,

91 2604 127 2664 et
145 2593 245 2666 nollo
262 2609 364 2689 paeto
381 2598 427 2678 sit
445 2599 650 2671 continuus.
670 2605 713 2669 At
734 2611 851 2670 motus
869 2597 931 2670 ille
949 2596 1015 2692 qui
1031 2597 1068 2668 in
1091 2596 1213 2669 orbem

91 2706 248 2780 llectitur
265 2710 337 2806 (2),
356 2735 435 2783 oum
455 2710 527 2783 non
542 2725 681 2786 constel
697 2734 741 2785 ex
761 2712 969 2798 contrariis,
992 2708 1053 2797 sed
1074 2732 1213 2803 semper

93 2843 187 2893 unus
200 2840 364 2915 maneat,
386 2827 591 2922 feraturque
610 2825 652 2898 ex
672 2828 796 2900 eodem
816 2829 860 2898 ad
879 2828 994 2911 idem,
1025 2840 1060 2898 et
1078 2826 1211 2898 nullam

92 2936 251 3027 quietem
268 2993 277 3024 2
299 2941 433 3012 nullam
453 2940 756 3023 intermissionem
771 2939 933 3033 recipiat,
947 2940 1125 3034 perlectus
1137 2963 1215 3012 esse

91 3063 128 3121 et
153 3051 369 3141 continuus,
393 3054 544 3149 ideoque
567 3054 707 3148 primus
726 3053 878 3126 videtur.
918 3052 1094 3126 Posterior
1120 3053 1214 3126 enim

93 3177 161 3253 est,
183 3180 223 3240 nt
241 3169 425 3263 multiplex
442 3182 478 3240 et
496 3169 634 3258 varius,
663 3169 722 3241 ille
743 3170 806 3264 qui
833 3191 874 3240 ex
898 3181 993 3239 recto
1014 3181 1048 3240 et
1069 3170 1216 3263 obliquo

94 3284 551 3377 constat3p0sterioretiam
564 3285 623 3357 ille
636 3285 699 3379 qui
712 3283 1216 3376 roetelertur3l1nilusnempe

93 3409 148 3464 est
169 3410 207 3467 et
225 3396 478 3492 imperfectum
506 3398 542 3470 id
564 3413 682 3470 autem
703 3398 800 3493 quod
819 3397 1017 3493 perlectum
1036 3410 1090 3470 est
1116 3397 1216 3489 prius
1330 3398 1333 3399 ⁷

93 3526 175 3577 esse
196 3507 296 3581 decet
317 3523 393 3583 tum
414 3524 558 3598 natura,
580 3525 655 3582 tum
679 3533 744 3606 pro
768 3511 904 3584 ratione
925 3510 1118 3605 temporis,
1140 3524 1216 3582 tum

93 3622 310 3717 cogitatione
330 3639 366 3697 et
387 3626 609 3699 definitione.
637 3631 742 3698 Hune
756 3626 874 3721 igitur
901 3640 1037 3699 motum
1058 3625 1217 3720 primum

93 3759 172 3824 esse
189 3738 305 3833 liquet
321 3740 384 3833 qui
405 3740 450 3813 sit
466 3753 624 3815 aeternus
636 3752 671 3815 et
688 3741 901 3830 continuus,
920 3763 1086 3834 unusque
1102 3752 1137 3811 et
1148 3737 1217 3812 sihi

130 4067 176 4142 (1)
195 4067 658 4154 unumunuramaos.

131 4156 173 4230 (a)
194 4155 583 4232 uin.v111,eap.·9,t.ao5.
606 4166 609 4171 ¹
