3025 4975
709 583 845 642 „4-

217 733 353 804 dantus.
377 731 478 813 Quod
503 729 532 800 si
558 742 693 801 motum
717 727 873 824 pendere
900 726 1117 799 extrinsecus
1146 727 1333 821 religatum

215 847 372 942 placeat,
397 844 576 916 reddenda
603 843 708 917 etiarn
735 844 825 915 ratio
848 863 1012 935 quaenam
1035 841 1083 913 sit
1108 863 1213 913 causa
1239 841 1335 913 illius

214 958 370 1033 effectrix
389 972 425 1030 et
440 957 668 1046 moderatrix,
685 981 757 1053 quo
772 970 874 1053 pacto
890 957 949 1027 illa
968 969 1117 1043 moveat,
1135 978 1242 1051 quarn
1264 955 1334 1026 uim

213 1074 353 1148 sibimet
372 1072 502 1156 habeat
524 1073 744 1167 subjectam3
768 1085 888 1145 utrum
913 1095 977 1143 sua
1004 1070 1159 1143 motibus
1185 1070 1336 1163 singulis

212 1190 259 1262 sit
277 1185 443 1283 adjuncta
457 1211 562 1259 causa
577 1187 722 1284 propria
739 1200 774 1259 et
789 1184 993 1281 peculiaris,
1011 1206 1056 1256 an
1074 1198 1196 1257 contra
1212 1206 1284 1258 una
1301 1198 1336 1257 et

213 1303 333 1376 eadem
354 1302 404 1374 vis
422 1314 598 1374 astrorum
616 1301 773 1396 aequales
796 1301 907 1373 flexus
929 1321 1193 1393 corporumque
1212 1310 1338 1371 terres·

215 1416 322 1489 trium
338 1416 500 1487 turbatos
514 1429 549 1488 et
567 1417 762 1511 inaequales
780 1427 895 1487 motus
907 1411 1124 1486 moderetur.
1142 1418 1208 1485 Eas
1216 1409 1335 1485 rerum

133 1565 134 1568 ¹
215 1529 385 1623 caligines
402 1528 560 1601 animose
591 1530 779 1625 adgressus
805 1528 1035 1617 Aristoteles,
1071 1551 1091 1599 a
1121 1526 1273 1599 terrenis
1291 1524 1336 1597 ad

215 1643 380 1732 celestia,
404 1666 422 1714 a
444 1644 546 1717 ssuxis
565 1658 600 1716 et
626 1645 837 1717 mortalibus
854 1644 899 1715 ad
923 1657 1055 1716 aeterna
1069 1655 1105 1715 et
1130 1642 1336 1739 incorrupta

211 1759 319 1856 erigit
335 1771 508 1857 mentem,
530 1783 595 1831 nec
613 1773 694 1832 ante
710 1759 843 1854 incepti
858 1758 1013 1832 fructum
1031 1757 1230 1853 percepisse
1242 1755 1339 1828 arbi·

215 1887 342 1960 tratur,
364 1894 470 1966 quarn
489 1873 599 1946 totius
617 1874 714 1946 orbis
728 1885 1048 1969 temperamentum
1063 1874 1107 1946 ab
1123 1872 1246 1944 aeterni
1260 1895 1337 1944 mo-

214 1988 303 2062 toris
320 1988 476 2082 impulsu
491 1987 671 2077 derivarit.
689 1993 777 2084 Quae
790 2002 926 2061 naturae
938 1988 1131 2084 descriptio
1144 2013 1215 2061 non
1232 1987 1337 2060 modo

214 2125 296 2176 cum
315 2099 464 2200 antiqua
480 2100 543 2171 itta
567 2101 800 2196 physicorum
829 2102 1010 2197 ferrugine
1028 2103 1132 2176 nullo
1154 2115 1255 2198 pacto
1273 2125 1339 2195 po-

215 2229 282 2290 test
308 2199 506 2309 comparari
523 2212 624 2302 ,sed
657 2215 762 2287 etiam
789 2241 870 2288 cum
900 2218 1140 2289 recentiorum
1168 2216 1338 2312 praeclare

215 2329 364 2426 repertis
383 2329 527 2419 collata,
551 2353 621 2403 non
637 2331 746 2425 longe
765 2331 879 2425 impar
896 2353 973 2404 esse
991 2330 1163 2405 videatur.

262 2566 332 2636 Sed
350 2577 539 2659 antequam
551 2563 726 2658 judicium
740 2562 784 2636 de
801 2565 964 2640 universa
980 2568 1040 2638 illa
1059 2566 1219 2641 doctrina
1230 2566 1339 2640 lacia-

216 2701 309 2767 mus,
322 2692 457 2751 servato
469 2702 589 2751 rerum
601 2678 742 2766 ordine,
755 2679 1337 2778 fungemurmunereinterpretis,

216 2809 251 2866 et
265 2793 418 2866 breviter
438 2815 656 2888 exponemus
683 2792 770 2896 quid
796 2793 840 2865 de
856 2809 982 2866 natura
996 2796 1225 2892 physicisque
1243 2795 1340 2891 prin-

183 3000 193 3019 ,
216 2907 319 3004 cipiis
332 2906 482 2980 senserit
494 2908 714 2997 Aristoteles,
730 2907 814 2980 inde
827 2909 915 3002 quid
928 2907 1099 3004 despatio
1113 2925 1148 2984 et
1162 2925 1335 3007 tempore,

217 3023 368 3119 quidde
392 3021 534 3093 infinito
553 3020 763 3114 caeterisque
783 3023 944 3115 ejusdem
966 3026 1120 3118 generis3
1160 3037 1339 3118 postremo

219 3157 327 3233 quam
340 3135 384 3209 de
397 3146 495 3206 motu
510 3135 659 3230 ejusque
673 3156 778 3207 causa
790 3133 1065 3231 disputationem
1079 3137 1288 3211 instituerit.

271 3378 392 3456 Quum
403 3396 485 3446 uero
503 3371 664 3466 proficiat
682 3371 725 3444 ad
744 3371 816 3443 veri
835 3369 996 3445 notitiam
1014 3393 1085 3444 non
1102 3376 1207 3448 modo
1221 3375 1343 3472 inqui·

105 3517 109 3525 ·
221 3511 300 3559 rere
318 3489 404 3583 quid
431 3487 623 3580 unicuique
646 3486 941 3581 >philosophorum
965 3486 1118 3582 placeat,
1140 3492 1202 3564 sed
1227 3492 1340 3565 multo

190 4074 209 4119 Ι

222 3601 331 3674 satius
347 3602 435 3698 quid
446 3615 554 3689 recte,
565 3601 653 3697 quid
667 3600 883 3673 imbecillius
893 3600 938 3673 sit
950 3602 995 3681 ab
1008 3601 1337 3700 illisexcogitatum‚

221 3714 385 3788 dabimus
402 3739 544 3811 operam
564 3730 603 3788 ut
623 3716 660 3789 in
678 3729 800 3813 aperto
819 3716 866 3789 sit
891 3730 1012 3789 utrum
1038 3717 1106 3791 sibi
1123 3732 1286 3792 constent
1306 3731 1341 3793 et

221 3850 303 3901 uero
320 3844 517 3926 congruant
530 3831 649 3903 omnia
669 3829 783 3903 nostri
796 3827 955 3922 decreta,
975 3854 1020 3905 an
1038 3834 1202 3927 quaedam
1222 3834 1342 3907 minus

221 3943 368 4037 probata
387 3945 459 4020 sint
473 3944 662 4018 recidenda
677 3957 712 4019 et
730 3946 951 4042 corrigenda.

275 4200 336 4275 llis
350 4199 595 4298 praemissisad
611 4198 704 4295 ipsas
714 4199 1342 4277 Aristotelissententiasaccedamus.
